3784 5625
383 641 442 704 168
870 649 1027 695 1111111111

380 808 530 871 materies
546 811 744 889 temperetur
759 802 806 864 uti
821 823 894 863 eum
910 800 1081 883 subigatur
1095 823 1161 864 non
1175 801 1307 864 haereat
1321 800 1364 866 ad
1385 811 1521 883 rutrum,

380 907 438 971 sed
465 928 580 993 purum
611 903 733 966 ferrum
761 924 778 965 e
806 902 959 965 mortario
986 900 1153 965 liberetur.
1197 900 1314 985 grandi
1335 902 1469 967 inducto
1492 914 1524 968 et

339 1039 342 1043 ·
380 1011 598 1088 inarescente,
632 1003 769 1067 altemm
803 1004 926 1067 corium
959 1002 1123 1067 mediocre
1153 1002 1325 1087 dirigatur.
1380 1004 1417 1067 id
1451 1027 1522 1069 cum
1568 1031 1571 1048 ¹

379 1109 549 1173 subactum
577 1106 675 1171 fuerit
703 1114 735 1169 et
759 1104 841 1168 bene
862 1102 1031 1186 fricatum,
1066 1102 1218 1168 subtilius
1240 1103 1424 1169 inducatur.
1478 1107 1523 1170 ita
1564 1100 1575 1120 ⁹

345 1224 361 1272 5
379 1234 452 1275 cum
474 1209 578 1274 tribus
602 1208 698 1271 coriis
721 1205 862 1270 harenae
884 1214 916 1268 et
938 1204 1017 1267 item
1039 1206 1208 1269 marmoris
1231 1203 1363 1268 solidati
1384 1207 1522 1293 parietes

379 1313 515 1393 fuerint,
543 1330 648 1397 neque
676 1310 775 1371 rimas
803 1328 908 1392 neque
936 1305 1027 1370 aliud
1049 1307 1166 1371 vitium
1187 1308 1222 1370 in
1243 1328 1280 1370 se
1301 1307 1447 1394 recipere
1469 1325 1554 1395 pot

379 1422 499 1477 terunt.
555 1411 612 1476 sed
646 1418 678 1473 et
710 1409 898 1474 baculorum
931 1407 1178 1472 subactionibus
1200 1408 1338 1472 fundata
1360 1408 1524 1474 soliditate

380 1513 613 1598 marmorisque
629 1511 768 1575 candore
790 1509 883 1573 firmo
906 1508 1060 1593 levigata,
1084 1508 1249 1574 coloribus
1272 1532 1345 1573 cnm
1360 1510 1523 1597 politioni-

380 1616 442 1679 bus
470 1613 613 1677 inductis
640 1613 763 1677 nitidos
792 1612 976 1697 expriment
1002 1609 1204 1697 splendores.
1254 1610 1377 1676 colores
1404 1622 1523 1694 autem,

331 1740 363 1796 10
380 1716 444 1780 udo
467 1715 602 1778 tectorio
625 1734 698 1775 eum
721 1712 897 1797 diligenter
918 1721 994 1775 sunt
1014 1711 1152 1794 inducti,
1174 1712 1248 1777 ideo
1269 1736 1335 1778 non
1355 1716 1525 1779 remittunt

382 1817 443 1880 sed
465 1826 540 1880 sunt
562 1824 718 1901 perpetuo
740 1822 976 1900 permanentes,
1000 1813 1085 1899 quod
1108 1812 1180 1877 calx
1203 1816 1238 1878 in
1259 1814 1446 1880 fornacibus
1469 1838 1523 1879 ex·
1549 1853 1552 1859 ·

382 1927 473 1981 cocto
488 1916 613 2002 liquore
636 1915 723 1979 facta
744 1914 933 1979 raritatibus
957 1914 1106 1997 evanida,
1129 1917 1300 1981 ieiunitate
1323 1927 1436 1982 coacta
1457 1939 1523 1983 cor-

380 2021 460 2104 ripit
488 2019 523 2081 in
555 2040 591 2081 se
619 2039 701 2102 quae
727 2038 779 2080 res
807 2016 890 2081 forte
918 2012 1141 2101 contigerunt,
1175 2018 1456 2105 mixtionibusque
1484 2042 1524 2084 ex

382 2119 454 2183 aliis
483 2118 700 2206 potestatibus
729 2116 865 2181 conlatis
889 2117 1068 2181 seminibus
1091 2139 1149 2180 scu
1170 2120 1342 2205 principiis
1363 2143 1429 2184 una
1451 2121 1523 2186 soli-

331 2244 362 2291 15
380 2219 553 2298 descendo,
577 2221 610 2282 in
627 2218 886 2306 quibuscumque
901 2218 1057 2282 membris
1073 2227 1123 2282 est
1141 2217 1279 2285 formata
1294 2243 1368 2285 cum
1382 2221 1420 2286 fit
1434 2223 1525 2287 arida

380 2321 541 2406 redigitur
561 2321 611 2384 uti
633 2321 683 2384 sui
705 2321 834 2404 generis
856 2322 1004 2407 proprias
1027 2319 1181 2385 videatur
1201 2321 1320 2387 habere
1342 2323 1523 2410 qualitates.

380 2427 491 2509 itaque
506 2422 642 2485 tectoria
658 2442 740 2507 qnae
755 2429 842 2485 reete
866 2431 941 2485 sunt
963 2422 1052 2486 faeta
1073 2444 1179 2508 neque
1200 2423 1422 2491 vetustatibus
1445 2426 1555 2491 fiuntc

380 2523 529 2607 horrida,
564 2544 669 2609 neque
699 2544 772 2586 cum
802 2530 1014 2608 extergentur
1040 2526 1213 2588 remittunt
1241 2524 1381 2610 colores,
1409 2529 1475 2600 nisi
1497 2530 1524 2592 si

381 2648 494 2712 parum
525 2623 700 2708 diligenter
728 2633 759 2688 et
787 2624 822 2686 in
843 2624 934 2690 arido
957 2624 1079 2689 fuerint
1101 2625 1249 2722 inductis
1284 2649 1358 2692 eum
1380 2650 1457 2713 ergo
1480 2631 1525 2693 ita

332 2750 365 2797 20
382 2729 416 2790 in
439 2725 617 2811 parietibus
641 2726 777 2789 tectoria
798 2725 885 2790 facta
908 2725 1031 2789 fuerint
1052 2728 1101 2791 uti
1124 2730 1395 2815 suprascriptum
1410 2739 1471 2814 est,
1494 2739 1525 2794 et

381 2827 569 2891 firmitatem
584 2835 616 2890 et
631 2826 836 2914 splendorem
859 2838 890 2892 et
912 2828 955 2891 ad
978 2837 1174 2894 vetustatem
1196 2840 1438 2917 permanentem
1460 2834 1524 2896 vir-

383 2936 485 2990 tutem
513 2935 666 3012 poterunt
692 2928 823 2992 habere.
868 2951 941 2992 curn
963 2952 1042 2994 vero
1064 2953 1164 2994 unum
1186 2933 1310 2996 corium
1330 2932 1472 2997 harenae
1494 2944 1525 2998 et

382 3051 482 3093 unum
509 3028 628 3091 minuti
655 3031 823 3094 marmoris
852 3031 913 3093 erit
939 3030 1127 3115 inductum,
1157 3034 1298 3097 tenuitas
1327 3035 1395 3098 eius
1418 3037 1524 3100 minus

383 3129 523 3194 valendo
552 3128 692 3193 faciliter
719 3132 881 3217 rumpitur
907 3154 968 3196 nec
990 3132 1194 3218 splendorem
1216 3134 1430 3219 politionibus
1451 3159 1524 3225 pro-

332 3255 365 3303 25
382 3242 455 3319 pter
476 3229 724 3296 inbecillitatem
747 3234 974 3298 crassitudinis
997 3235 1165 3322 proprium
1192 3235 1364 3301 obtinebit.
1415 3257 1555 3325 quem-s
1607 3264 1611 3273 ’

383 3332 559 3397 admodum
589 3333 673 3395 enim
700 3333 868 3419 speculum
899 3345 1091 3420 argenteum
1118 3338 1209 3401 tenui
1236 3336 1363 3402 lamella
1391 3340 1525 3405 ductum

383 3434 522 3496 incertas
546 3442 577 3496 et
605 3433 675 3496 sine
697 3435 823 3499 viribus
853 3436 953 3501 habet
979 3439 1187 3502 remissiones
1210 3439 1410 3527 splendoris,
1439 3444 1525 3529 quod

383 3542 491 3596 autem
519 3554 536 3595 e
564 3532 669 3596 solida
696 3543 913 3621 temperatura
940 3538 1040 3604 fuerit
1068 3539 1206 3626 factum,
1236 3544 1398 3628 recipiens
1426 3546 1463 3607 in
1491 3567 1525 3608 se

383 3634 484 3698 firmis
507 3633 634 3698 viribus
657 3633 845 3720 politionem
868 3638 1031 3724 fulgentes
1054 3643 1089 3706 in
1103 3651 1236 3729 aspectu
1259 3654 1428 3732 certasque
1451 3669 1523 3712 eon-

452 3927 465 3974 1
485 3925 640 3990 subigatur:
667 3931 705 3977 sto
728 3929 786 3979 GH.
810 3925 823 3995 Η
848 3931 864 3978 2
883 3928 1051 3994 granditate
1075 3933 1134 3987 GH.
1157 3930 1170 3999 Η
1191 3936 1208 3983 4
1226 3933 1363 3985 indicatur
1381 3944 1441 3988 aute
1454 3932 1523 3990 corr.

385 4008 415 4059 G.
432 4004 444 4073 ΙΙ
462 4008 649 4060 tbaeulorum
662 4012 702 4064 hc:
721 4011 883 4063 liaculorum
899 4014 953 4064 GH
963 4013 1022 4076 (Lic
1033 4022 1058 4065 et
1079 4023 1138 4067 ante
1154 4034 1222 4068 corr.
1235 4018 1271 4082 h).
1292 4016 1304 4084 Η
1327 4021 1445 4072 fundata
1463 4023 1527 4073 soli·

385 4091 486 4141 ditate:
514 4095 552 4142 sic
577 4095 628 4144 GH
651 4094 689 4159 (ut
705 4113 728 4148 υ.
748 4101 764 4147 3
781 4114 809 4161 p.
827 4095 903 4161 sep).
924 4094 937 4164 Η
960 4100 976 4148 8
999 4098 1119 4149 candore
1142 4104 1198 4151 ed:
1226 4102 1372 4154 eandorem
1397 4103 1471 4170 (-rd
1494 4108 1525 4170 G)

386 4176 445 4227 GH.
469 4172 481 4240 Η
503 4176 592 4230 firmo:
615 4182 653 4228 sic
672 4180 730 4234 GH.
751 4177 763 4247 Η
784 4180 908 4245 levigata
920 4197 980 4246 epo:
1000 4183 1141 4248 levigatae
1160 4184 1233 4247 (—te
1251 4187 1291 4249 H)
1311 4188 1370 4239 GH.
1393 4187 1406 4256 Η
1429 4192 1526 4241 oniti·
1559 4202 1572 4217 ⁸

385 4258 434 4308 dus
452 4260 489 4308 H.
517 4259 529 4326 Η
558 4264 589 4312 10
611 4262 664 4312 udo
686 4266 757 4315 loa:
784 4264 855 4314 nudo
879 4267 1028 4316 GH.=1·2
1046 4268 1211 4319 raritatibus
1233 4271 1352 4322 evanida
1374 4282 1435 4325 ante
1457 4292 1525 4326 corr.

386 4343 420 4420 6⁸:
448 4344 611 4396 raritatibus
630 4353 658 4397 et
677 4349 795 4399 evanida
811 4350 841 4399 H
859 4347 976 4417 (Getis).
998 4347 1009 4418 Η
1034 4356 1065 4404 13
1083 4354 1155 4404 forte
1175 4353 1264 4417 (porte
1284 4355 1316 4420 G)
1336 4359 1525 4424 contigerunt:

383 4428 420 4476 sic
440 4427 497 4477 GH.
522 4424 533 4494 Η
557 4431 588 4480 15
606 4429 648 4480 fit:
667 4435 704 4482 sic
724 4433 781 4487 GH.
804 4430 816 4499 Η
840 4436 871 4484 16
889 4435 1105 4489 videaturne:
1127 4436 1237 4489 videtur
1256 4441 1315 4490 GH.
1332 4438 1344 4506 Η
1368 4445 1400 4492 19
1419 4443 1525 4494 inducti

383 4511 454 4561 doe:
481 4512 595 4563 inducta
615 4514 673 4569 GH.
696 4511 709 4582 Η
731 4517 771 4567 ita
788 4518 857 4573 don:
886 4521 953 4585 itaq3
974 4521 1027 4572 GH
1051 4523 1098 4585 (tc,
1121 4538 1168 4576 om.
1186 4521 1232 4589 L).
1259 4520 1271 4590 Η
1298 4527 1330 4574 27
1356 4527 1480 4577 incertas
1498 4532 1526 4578 et

388 4595 420 4642 G:
444 4595 629 4649 incerta.sed
650 4600 680 4649 H
703 4597 773 4668 (tec)
798 4601 848 4668 [Η.
876 4600 889 4669 Η
916 4607 1092 4657 remissiones
1114 4605 1268 4672 splendoris
1293 4609 1327 4658 G:
1356 4610 1525 4663 remissiores

386 4677 545 4741 splendores
565 4683 591 4730 H
611 4679 666 4746 (tr,
686 4685 766 4735 remis
785 4687 944 4752 splendores
962 4689 1012 4753 111).

624 4960 639 4989 Ι
