3784 5625
439 661 498 724 108
925 677 1083 723 vrrnuvu

434 831 484 894 uti
504 830 695 915 magnitudo
723 832 930 915 symmetriae
958 852 1068 894 eorum
1090 829 1161 895 foro
1183 829 1390 917 respondeat.
1434 831 1598 898 maxime.

436 931 569 1017 quidem
591 934 681 995 curia
703 934 738 995 in
760 934 873 1017 primis
897 945 945 994 cst
968 930 1118 995 facienda
1140 931 1183 994 ad
1197 932 1393 1018 dignitatem
1407 931 1576 1017 municipii

430 1035 506 1096 'sive
528 1033 684 1096 civitatis¹
729 1045 760 1096 et
782 1035 811 1097 si
833 1033 992 1119 quadrata
1014 1035 1085 1114 erit,
1110 1044 1266 1118 quantum
1292 1032 1446 1097 habuerit
1467 1031 1574 1097 latitu-

436 1133 521 1197 dinis
556 1133 693 1197 dimidia
727 1134 841 1197 addita
869 1136 1085 1199 constituatur
1111 1133 1271 1217 altitudo,
1304 1136 1356 1197 sin
1384 1144 1495 1199 autem
1520 1134 1575 1199 ob·

401 1235 532 1320 elonga
557 1234 656 1298 fuerit
663 1286 673 1317 ‚
709 1234 878 1319 longitudo
912 1249 943 1299 et
976 1236 1116 1300 latitudo
1150 1247 1360 1321 componatur
1392 1246 1425 1301 et
1453 1259 1576 1301 summa

436 1338 629 1423 composita,
653 1339 723 1400 eius
746 1337 882 1401 dimidia
903 1360 979 1423 pars
1002 1334 1063 1400 sub
1085 1337 1259 1401 lacunariis
1281 1336 1449 1423 altitudini
1473 1338 1575 1403 detur.

435 1449 601 1525 practerea
628 1439 862 1524 praecingendi
895 1450 969 1503 sunt
998 1440 1138 1524 parietes
1171 1438 1271 1501 medii
1303 1440 1431 1503 coronis
1460 1461 1503 1503 ex
1528 1441 1609 1503 ins

435 1541 555 1604 testino
583 1562 679 1626 opere
713 1550 768 1602 aut
796 1539 920 1604 albario
949 1540 992 1603 ad
1020 1539 1190 1604 dimidiam
1223 1527 1349 1625 partem
1381 1540 1576 1605 altitudinis.

436 1662 519 1728 quae
541 1643 569 1705 si
591 1664 655 1706 non
678 1653 782 1722 erunt,
807 1664 872 1706 vox
894 1642 942 1705 ibi
965 1642 1200 1727 disputantium
1221 1640 1306 1705 elata
1320 1643 1356 1705 in
1369 1641 1577 1706 altitudinem

390 1750 419 1798 10
436 1740 616 1807 intellectui
637 1766 702 1808 non
717 1746 836 1830 poterit
857 1765 929 1807 esse
945 1743 1164 1808 audientibus.
1210 1766 1281 1806 cum
1309 1754 1418 1807 autem
1447 1745 1576 1809 coronis

436 1846 614 1930 praecincti
635 1847 775 1932 parietes
798 1856 902 1927 erum,
926 1868 993 1909 vox
1014 1845 1056 1909 ab
1078 1847 1163 1925 imis,
1186 1856 1310 1909 morata
1331 1847 1522 1931 priusquam
1543 1846 1577 1908 in

437 1967 512 2008 aera
535 1945 619 2009 elata
642 1947 870 2033 dissipabitur,
894 1947 1027 2012 auribus
1051 1948 1111 2010 erit
1134 1946 1308 2011 intellecta.

377 2054 418 2103 111
520 2046 602 2111 Cum
617 2047 724 2112 forum
746 2050 957 2113 constitutum
978 2047 1087 2130 fuerit,
1109 2059 1180 2111 tum
1202 2048 1336 2112 deorum
1356 2048 1578 2113 inmortalium
1599 2067 1611 2115 1

436 2149 551 2213 diebus
589 2148 682 2213 festis
721 2148 871 2214 ludorum
903 2149 1160 2235 spectationibus
1201 2148 1370 2233 eligendus
1405 2159 1454 2214 est
1487 2149 1577 2215 locus

386 2259 417 2307 15
435 2251 562 2316 theatro
590 2273 686 2338 quam
708 2250 957 2331 saluberrimus,
986 2252 1035 2313 uti
1065 2252 1100 2313 in
1127 2252 1232 2336 primo
1259 2249 1356 2315 libro·
1373 2250 1415 2314 de
1439 2250 1577 2315 salubri-

434 2353 556 2417 tatibus
578 2354 612 2415 in
634 2354 797 2418 moenium
819 2351 1096 2416 conlocationibus
1120 2362 1168 2415 est
1190 2354 1357 2438 scriptum.
1402 2374 1461 2438 per
1482 2351 1579 2418 ludos

435 2456 521 2518 eninr
549 2476 622 2517 cum
650 2454 843 2538 coniugibus
872 2463 903 2518 et
931 2452 1043 2518 liberis
1071 2452 1281 2539 persedentes
1304 2452 1578 2518 delectationibus

434 2556 620 2620 detinentur
647 2567 679 2619 et
707 2578 841 2642 corpora
875 2564 1008 2641 propter
1040 2554 1241 2641 voluptatem
1272 2556 1396 2619 inmota
1427 2566 1579 2641 patentes

434 2657 556 2721 habent
577 2679 694 2737 venas,
717 2659 753 2720 in
774 2679 853 2742 quas
876 2656 1024 2721 insidunt
1045 2678 1198 2719 aurarum
1218 2656 1331 2739 flatus,
1355 2657 1412 2742 qui
1434 2659 1464 2721 si
1485 2680 1506 2720 a
1526 2679 1578 2720 re-

385 2767 417 2815 20
434 2758 585 2843 gionibus
613 2756 812 2844 palustribus
840 2767 896 2822 aut
924 2756 999 2823 aliis
1022 2758 1211 2844 regionibus
1233 2759 1363 2822 vitiosis
1385 2758 1578 2840 advenient,

435 2868 586 2923 nocentes
615 2860 748 2945 spiritus
778 2858 967 2945 corporibus
996 2860 1180 2925 infundent.
1228 2862 1338 2946 itaque
1365 2861 1392 2923 si
1416 2861 1580 2926 curiosius

436 2959 573 3044 eligetur
606 2959 696 3024 locus
729 2961 872 3042 theatro,
905 2961 1098 3025 vitabuntur
1129 2963 1221 3026 vitia.
1271 2961 1433 3048 etiamque
1465 2964 1614 3048 provi-2

436 3061 578 3125 dendum
602 3072 651 3125 est
672 3083 755 3150 nene
777 3063 917 3149 impetus
940 3062 1060 3126 habeat
1082 3086 1101 3125 a
1123 3063 1271 3126 meridie.
1321 3061 1369 3127 sol
1392 3064 1579 3127 enimcum

435 3161 548 3249 implet
581 3165 649 3228 eius
682 3163 934 3246 rotunditatem,
974 3185 1031 3227 aer
1062 3164 1232 3229 conclusus
1264 3173 1439 3228 curvatura
1470 3186 1581 3251 neque

385 3275 417 3323 ⁶25
434 3265 557 3329 habens
573 3275 767 3351 potestatem
788 3265 932 3350 vagandi
955 3265 1116 3331 versando
1139 3266 1356 3333 confervescit
1378 3274 1410 3329 et
1433 3264 1580 3330 candens

434 3366 543 3430 adurit
570 3367 786 3452 excoquitque
813 3377 845 3430 et
871 3368 1026 3431 inminuit
1055 3389 1072 3429 e
1099 3366 1287 3454 corporibus
1314 3389 1453 3432 umores.
1501 3366 1581 3433 ideo

435 3467 578 3529 maxime
601 3467 754 3531 vitandae
777 3478 851 3532 sunt
872 3469 923 3533 his
946 3468 1043 3532 rebus
1066 3470 1204 3533 vitiosae
1226 3470 1375 3552 regiones
1398 3478 1431 3533 et
1453 3467 1580 3554 eligen-

434 3567 495 3630 dae
513 3565 670 3632 salubrcs.
701 3568 984 3635 fundamentorum
1006 3579 1125 3651 autem,
1149 3571 1178 3632 si
1199 3571 1234 3632 in
1255 3570 1420 3634 montibus
1443 3569 1614 3652 firerint‚3

434 3667 563 3731 facilior
578 3670 639 3732 erit
653 3671 747 3752 ratio,
771 3670 829 3734 scd
852 3673 880 3735 si
903 3672 1079 3735 necessitas
1102 3672 1244 3755 coegerit
1265 3672 1299 3734 in
1322 3669 1418 3756 plano
1441 3681 1499 3735 aut
1520 3693 1580 3757 pa-

385 3778 418 3822 :to
435 3767 531 3833 lustri
563 3768 632 3834 loco
667 3792 705 3833 ea
733 3774 902 3854 constitui,
938 3771 1149 3864 solidationes
1178 3772 1502 3857 substructionesque
1532 3775 1581 3837 ita

436 3880 529 3932 erunt
543 3870 723 3956 faciendae,
747 3873 1018 3959 quemadmodum
1041 3873 1088 3936 de.
1103 3872 1349 3938 fundationibus
1372 3872 1504 3937 aedium
1528 3894 1580 3936 sa-

505 4097 518 4144 1
537 4095 703 4160 respondeat
721 4099 774 4148 ed:
794 4097 981 4162 respondeant
1000 4097 1058 4148 GH.
1073 4092 1086 4162 ll
1102 4097 1118 4146 ὅ
1132 4105 1236 4146 summa
1249 4097 1485 4162 compositam:
1505 4111 1580 4146 sum·

436 4194 497 4228 mae
516 4176 603 4246 (—me
623 4180 655 4245 G)
674 4181 819 4245 conposita
839 4182 888 4229 GH
907 4179 965 4245 (sed
982 4181 1017 4229 6⁶
1034 4180 1223 4246 compositae).
1252 4183 1264 4246 Η
1291 4179 1569 4232 transuerberat

437 4278 578 4329 altitudini
597 4266 675 4344 (-ne¹2
694 4281 752 4342 Gc):
772 4296 839 4330 —ne
860 4281 910 4330 GH
928 4279 1007 4344 (Llc).
1030 4277 1042 4346 ΙΙ
1063 4284 1079 4332 8
1098 4297 1181 4346 opere
1195 4282 1229 4331 G:
1249 4296 1300 4345 ope
1318 4282 1347 4330 H
1366 4279 1490 4346 (spect).
1510 4277 1525 4346 [1
1548 4283 1581 4331 14

436 4363 655 4428 spectationibus
673 4366 744 4416 Jon:
768 4366 1024 4430 exspectationibus
1043 4365 1149 4430 (exp-
1167 4364 1206 4429 H)
1227 4366 1285 4416 GH.
1307 4362 1320 4430 ΙΙ
1341 4367 1373 4415 16
1392 4365 1421 4414 in
1439 4366 1579 4415 moenium

434 4448 464 4518 H
483 4446 566 4511 (Llelz
595 4449 744 4499 immoenrfi
763 4451 792 4500 G.
820 4446 832 4516 [Ι
860 4452 891 4500 19
914 4449 1038 4501 insidunt
1059 4451 1114 4500 ed:
1137 4453 1254 4499 -nntur
1276 4446 1351 4512 (ιιιιῐ2
1373 4447 1405 4512 G)
1426 4448 1485 4502 GH.
1508 4445 1522 4515 ΙΙ
1545 4451 1578 4498 22

438 4530 551 4596 eligitur
568 4539 627 4583 ante
649 4547 719 4582 corr.
741 4533 769 4582 G.
793 4529 805 4599 ll
831 4537 863 4584 23
886 4548 958 4583 nens
976 4535 1007 4582 H
1028 4531 1062 4598 (lc
1084 4540 1109 4583 et
1126 4539 1186 4583 ante
1207 4547 1276 4584 corr.
1297 4532 1352 4594 L).:
1377 4547 1413 4581 ns
1432 4532 1455 4582 G
1472 4531 1542 4595 (L0).
1562 4527 1574 4596 l!

436 4631 469 4678 at
492 4619 591 4701 vitreis
615 4633 656 4683 (1¹⁶.
685 4629 697 4698 Η
725 4615 852 4701 deligenda
878 4634 912 4683 60
939 4631 1078 4701 (seligens
1104 4634 1145 4694 G).
1173 4629 1185 4700 ll
1213 4635 1246 4683 28
1273 4632 1376 4686 tuerint
1399 4631 1483 4683 Man:
1516 4632 1577 4685 fus«

437 4713 473 4762 rit
493 4713 552 4762 GH.
