3784 5625
604 659 608 667 “
697 665 744 710 nn
768 664 1034 712 nncurrncrunn
1059 635 1127 711 nin.
1151 667 1183 711 v.
1447 652 1507 715 129

365 816 476 881 raliter
499 818 527 880 si
553 816 618 879 sint
640 815 723 879 benc
745 818 845 903 positi
867 818 1071 903 habeantque
1090 817 1340 881 acroteria'sive
1355 841 1506 905 promun-

365 919 448 982 toria
469 919 709 1003 procurrentia,
738 940 780 981 ex
803 918 921 1004 quibus
944 920 1104 983 introrsus
1128 928 1319 983 curvaturae
1342 922 1413 983 sive
1435 943 1507 984 ver·

365 1041 460 1084 surae
484 1041 526 1083 ex
546 1018 609 1082 loci
631 1029 748 1083 natura
770 1020 892 1083 fuerint
914 1020 1144 1102 conformatae,
1167 1022 1333 1094 maximas,
1349 1020 1507 1086 utilitates

364 1122 520 1185 videntur
547 1117 700 1184 habe1·e.'
728 1122 850 1185 circum
879 1122 964 1184 enim
999 1123 1143 1208 porticus
1177 1123 1248 1185 sive
1275 1123 1406 1186 navalia
1433 1133 1507 1187 sunt

365 1223 514 1288 facienda
537 1223 608 1286 sive
631 1244 673 1285 ex
695 1223 874 1308 porticibus
897 1222 1006 1287 aditus
1029 1224 1073 1287 ad
1095 1224 1249 1309 emporia,
1271 1232 1443 1311 turresque
1465 1237 1541 1289 exo

364 1336 502 1411 utraque
531 1332 622 1411 parte
650 1323 884 1406 conlocandae,
919 1346 961 1388 ex
989 1323 1106 1411 quibus
1136 1334 1268 1388 catenae
1287 1326 1423 1390 ‘traduci
1450 1349 1509 1414 per

365 1426 532 1490 machinas
556 1426 693 1513 possint.
770 1457 772 1460 ·
1041 1436 1043 1439 ’

330 1542 346 1589 a
451 1528 510 1593 Sin
531 1538 640 1591 autem
662 1550 728 1593 non
744 1527 928 1594 naturalem
950 1528 1056 1593 locum
1069 1548 1174 1614 neque
1189 1526 1343 1593 idoneum
1357 1530 1400 1591 ad
1415 1522 1518 1593 tuen?

366 1630 424 1693 das
446 1629 488 1692 ab
511 1629 760 1715 tempestatibus
783 1651 884 1693 naves
907 1629 1128 1711 habuerimus,
1152 1630 1197 1692 ita
1212 1629 1344 1694 videtur
1366 1652 1437 1694 esse
1459 1631 1506 1694 fa-

366 1731 518 1809 ciendum
539 1731 588 1794 uti
611 1732 639 1793 si
661 1728 784 1794 nullum
805 1730 926 1793 flumen
948 1732 984 1794 in
1005 1731 1056 1794 his
1077 1728 1156 1794 locis
1177 1731 1353 1817 inpedierit
1371 1732 1508 1796 sederit
1527 1740 1560 1789 10

366 1854 409 1896 ex
430 1854 495 1895 una
517 1841 608 1917 parte
631 1833 738 1912 statio,
761 1841 839 1896 tunc
861 1854 903 1895 ex
924 1831 1028 1895 altera
1049 1839 1141 1918 parte
1163 1835 1334 1897 structuris
1358 1835 1429 1897 sive
1450 1852 1523 1919 ag-‘

364 1934 498 2019 geribus
515 1934 732 2019 expediantur
753 1956 957 2020 progressus
985 1934 1078 1997 etita
1093 1932 1343 1999 conformandae
1358 1944 1509 2021 portuum

365 2034 601 2100 conclusiones.
646 2057 702 2097 eae
729 2046 837 2099 autem
865 2045 1048 2099 structurae
1082 2058 1164 2121 quae
1193 2036 1228 2098 in
1254 2058 1338 2121 aqua
1361 2046 1436 2099 sunt
1458 2036 1507 2099 fuu

363 2148 472 2217 turae,
502 2136 658 2199 videntur
686 2138 733 2200 sic
761 2159 832 2201 esse
853 2136 1024 2200 faciendae
1045 2139 1094 2200 uti
1117 2146 1263 2222 portetur
1285 2136 1394 2222 pulvis
1417 2158 1437 2199 a
1458 2159 1507 2200 re·
1572 2192 1574 2196 .

365 2238 517 2323 gionibus
546 2259 627 2323 quae
655 2248 731 2301 sunt
758 2261 777 2300 a
800 2229 912 2302 Cumis
941 2238 1148 2302 continuatae
1180 2238 1223 2299 ad
1251 2239 1507 2324 promuntorium
1528 2246 1559 2294 15

365 2339 549 2420 Minervae,
586 2340 680 2424 isque
712 2340 886 2402 misceatur
918 2340 967 2402 uti
994 2340 1029 2401 in
1055 2340 1208 2402 mortario
1242 2338 1305 2401 duo
1333 2337 1376 2400 ad
1409 2360 1508 2401 unum

333 2438 593 2527 3rcspondeant.
631 2440 750 2504 deinde
770 2449 849 2503 tunc
870 2440 905 2502 in
928 2460 965 2504 eo
988 2438 1058 2503 loco
1081 2440 1136 2525 qui
1152 2438 1303 2502 definitus
1319 2439 1391 2519 erit,
1414 2460 1508 2500 arcae

366 2541 533 2628 stipitibus
556 2541 718 2605 robusteis
733 2550 774 2606 ,et
797 2541 919 2604 catenis
942 2538 1087 2603 inclusae
1107 2541 1142 2602 in
1155 2561 1273 2625 aquam
1288 2538 1508 2602 demittendae

366 2642 642 2734 destinandaeque
673 2642 824 2724 firmiter,
859 2640 978 2705 deinde
1010 2643 1097 2705 intra
1125 2663 1167 2704 ex
1194 2638 1344 2705 trastillis
1373 2640 1508 2704 inferior

366 2767 442 2833 pars
470 2744 531 2809 sub
559 2766 643 2831 aqua
677 2745 890 2830 exaequanda
917 2753 949 2807 et
977 2742 1163 2830 purganda,
1203 2752 1235 2805 et
1263 2743 1437 2805 caementis
1466 2764 1508 2805 ex
1525 2746 1559 2797 20

366 2848 536 2928 mortario,
565 2847 701 2909 materia
726 2849 831 2909 mixta
853 2845 1125 2932 quemadmodum
1148 2866 1245 2930 supra
1267 2845 1424 2930 scriptum
1446 2854 1507 2926 cst,

367 2949 414 3012 ibi
436 2947 686 3032 congerendam,
710 2947 857 3033 doneque
872 2946 1073 3034 compleatur
1088 2956 1250 3011 structura
1265 2947 1404 3032 spatium
1421 2946 1508 3032 quod

366 3049 466 3114 fuerit
493 3049 578 3112 inter
604 3070 707 3113 arcas.
761 3048 823 3112 hoc
850 3046 959 3112 autem
991 3070 1108 3124 munus
1141 3047 1288 3133 naturale
1319 3046 1442 3111 habent
1470 3069 1508 3109 ea

366 3149 436 3215 loca
458 3172 541 3236 quae
563 3172 661 3237 supra
683 3151 805 3236 scripta
829 3158 913 3214 sunt.

451 3251 511 3318 Sin
543 3260 652 3314 autem
683 3262 817 3339 propter
849 3252 966 3315 fluctus
999 3259 1055 3314 aut
1087 3252 1227 3337 impetus
1261 3251 1367 3335 aperti
1397 3247 1506 3335 pelagi
1525 3255 1558 3303 25

366 3353 513 3418 destinae
544 3375 635 3417 areas
664 3376 729 3417 non
757 3355 922 3440 potuerint
951 3354 1132 3434 continere,
1162 3362 1240 3417 tunc
1261 3351 1303 3414 ab
1325 3353 1398 3436 ipsa
1419 3359 1507 3412 terra

366 3457 437 3519 sive
459 3455 626 3542 crepidine
648 3455 802 3541 pulvinus
825 3477 920 3541 quam
942 3455 1127 3518 firmissime
1149 3463 1303 3534 struatur,
1327 3454 1420 3538 isque
1435 3449 1506 3537 pul-

366 3556 462 3620 vinus
479 3566 659 3641 exaequata
674 3565 818 3619 struatur
833 3555 969 3642 planitia
982 3557 1089 3620 minus
1111 3578 1206 3642 quam
1222 3553 1377 3618 dimidiae
1392 3552 1506 3639 partia,

365 3657 526 3743 reliquum
554 3657 640 3742 quod
668 3666 717 3721 est
739 3658 887 3744 proxime
909 3656 1003 3740 litus,
1032 3656 1248 3743 proclinatum
1270 3654 1354 3718 latus
1376 3654 1506 3718 habeat.

369 3839 596 3848 ——.--

436 3951 449 3998 1
468 3947 657 4013 promunturia
681 3948 732 3997 GH
754 3947 967 4014 (promunctoria
987 3951 1021 4007 H,
1039 3948 1227 4013 promontoria
1243 3945 1286 4009 le).
1312 3941 1324 4010 Η
1349 3946 1441 3993 ‹tsive
1461 3959 1506 3991 na-

363 4032 444 4083 'valia
461 4034 503 4093 ed,
523 4029 611 4098 (rec.):
631 4033 689 4084 sive
708 4033 785 4082 nalia
805 4034 826 4082 G
845 4031 908 4095 (Ll),
927 4032 1063 4081 sivenalia
1080 4033 1109 4080 H
1121 4029 1154 4094 (c,
1174 4031 1200 4079 si
1217 4029 1327 4080 venalia
1345 4026 1380 4090 t).
1401 4023 1413 4092 ll
1437 4026 1506 4077 bad

354 4118 428 4189 ‘add
447 4117 505 4166 Joc.
530 4116 633 4180 (aditus
655 4116 777 4181 emporia
797 4116 867 4180 GH).
892 4113 904 4182 ll
926 4118 942 4165 8
965 4113 1111 4172 nlrdoneum
1131 4116 1173 4164 60.
1193 4111 1205 4178 ΙΙ
1230 4115 1259 4162 11
1285 4117 1422 4162 structure
1446 4118 1505 4159 oute

367 4218 435 4254 erm:
456 4192 485 4251 G.
510 4195 522 4266 ll
544 4203 575 4252 13
595 4217 644 4250 eae
663 4201 704 4249 H:
723 4200 775 4249 hae
796 4201 816 4249 G
834 4200 913 4262 (Lle).
933 4195 945 4264 H
971 4201 1001 4248 15
1018 4199 1232 4264 promunturium
1252 4197 1302 4246 GH
1320 4194 1505 4259 (promuncto-

366 4287 435 4334 rium
455 4285 490 4350 L,
508 4285 722 4354 promuntorium
740 4281 781 4346 lc).
800 4280 812 4348 11
837 4285 868 4332 16
887 4284 910 4332 is
929 4298 982 4345 que
999 4285 1036 4332 L:
1055 4283 1098 4331 his
1117 4298 1168 4345 que
1188 4282 1216 4338 6,
1234 4280 1357 4342 hisquae
1376 4281 1404 4329 H
1423 4276 1502 4345 (11111

368 4370 492 4419 19111111
515 4370 592 4419 Lea:
624 4369 732 4419 interea
751 4368 809 4417 GH.
832 4363 844 4431 ll
868 4367 1037 4415 extrastilis
1057 4367 1114 4415 GH.
1136 4361 1148 4430 Η
1176 4367 1208 4413 22
1227 4363 1351 4427 doneque
1376 4363 1505 4427 (donique

367 4451 539 4516 Lecturam:
558 4452 676 4516 denique
697 4453 747 4502 GH
764 4449 816 4515 (LI,
835 4451 953 4514 deinque
974 4450 1007 4499 G⁶
1024 4458 1049 4500 et
1066 4448 1101 4513 c).
1124 4445 1136 4513 ll
1160 4451 1307 4499 ramanus
1328 4449 1355 4496 H
1369 4447 1438 4511 (Ll):
1457 4448 1505 4496 mi·

366 4553 418 4588 nus
437 4534 490 4604 (111)
511 4537 532 4587 G
550 4536 609 4600 (sed
627 4537 660 4587 6⁶
676 4538 703 4586 in
720 4552 799 4600 111119.
818 4535 829 4583 i
847 4535 1006 4592 almunus).
1028 4530 1040 4600 ll
1064 4536 1096 4583 27
1115 4532 1340 4596 strutua(r)1sque
1359 4539 1417 4582 ante
1434 4548 1504 4583 corr.

366 4619 649 4686 (strutuatm·.isque)
671 4621 699 4677 G,
719 4619 866 4669 struatnris
885 4634 956 4683 quae
969 4619 997 4667 H
1010 4616 1053 4682 (lc,
1071 4621 1212 4667 struatur.
1226 4616 1250 4666 ia
1268 4631 1319 4680 que
1337 4617 1370 4676 L,
1388 4621 1504 4666 structu·

365 4707 404 4755 ris
423 4719 477 4770 quq
495 4703 559 4769 cot).
580 4701 593 4772 l}
617 4707 650 4755 28
667 4704 785 4770 planitia
804 4705 854 4754 GH
873 4701 915 4768 (L,
934 4704 1006 4770 —tiq
1023 4702 1066 4769 tc).

400 4805 517 4842 vrruuv.
536 4805 571 4840 mr
590 4804 703 4842 aucum.
1283 4783 1303 4849 9
