3784 5625
698 639 745 685 on
768 638 1036 686 lacnrrncrunr
1058 640 1127 686 nm.
1151 642 1174 686 r.
1465 625 1504 687 13

363 792 436 855 ficia
464 793 525 856 sub
549 791 607 854 diu
629 783 811 878 hypaethra
833 792 1082 855 constituentur.
1127 792 1240 856 horum
1264 795 1350 857 enim
1372 793 1506 856 deorum

363 903 394 956 et
421 895 546 979 species
577 901 609 956 et
636 893 768 956 effectus
796 893 831 955 in
857 901 969 979 aperto
995 892 1116 957 mundo
1144 902 1241 979 atque
1267 894 1389 959 lucenti
1416 916 1506 981 prae-

363 1003 471 1058 sentes
494 995 657 1057 videmus.
688 992 857 1056 Minervae
880 1003 913 1057 et
927 994 1027 1059 Marti
1050 1004 1082 1058 et
1099 994 1237 1058 Herculi
1257 994 1353 1058 aedes
1377 995 1507 1059 doricae

362 1094 451 1159 fient.
500 1094 552 1158 his
581 1096 667 1159 enim
695 1085 758 1158 diis'
781 1105 923 1182 propter·
937 1097 1093 1159 virtutem
1115 1096 1187 1159 sine
1209 1096 1336 1160 deliciis
1358 1087 1508 1159 aedificia

362 1197 518 1260 constitui
548 1197 651 1260 decet.
702 1195 825 1260 Veneri
853 1196 970 1261 Florae
992 1198 1207 1283 Proserpinae
1229 1197 1327 1262 Fonti
1348 1196 1507 1283 Lumphis
1525 1212 1540 1257 5

363 1298 523 1362 corinthio
556 1320 676 1383 genere
703 1299 899 1363 constitutae
932 1308 1024 1386 aptas
1057 1298 1258 1364 videbuntur
1284 1298 1406 1363 habere
1434 1320 1506 1386 pro-

362 1402 536 1486 prietates,
571 1398 657 1485 quod
689 1399 740 1463 his
775 1400 839 1464 diis
872 1411 1005 1488 propter
1036 1402 1243 1465 teneritatem
1275 1400 1449 1485 graciliora
1476 1409 1508 1463 et

362 1501 480 1565 florida
507 1500 660 1587 foliisque
688 1511 720 1565 et
747 1501 868 1567 volutis
896 1513 1011 1567 ornata
1038 1524 1136 1588 opera
1164 1502 1252 1567 faeta
1273 1524 1394 1587 augore
1415 1500 1506 1564 vide-

364 1604 484 1667 buntur
511 1603 633 1666 iustum
660 1602 820 1666 decorem.
870 1604 989 1668 Iunoni
1010 1604 1138 1668 Dianae
1160 1605 1281 1682 Libero
1303 1605 1394 1668 Patri
1422 1612 1506 1666 eete-

361 1707 471 1790 risquc
504 1703 567 1767 diis
600 1706 656 1789 qui
688 1704 801 1767 eadem
834 1715 909 1769 sunt
943 1706 1158 1770 similitudine
1192 1708 1221 1770 si
1253 1706 1351 1770 aedes
1383 1707 1508 1770 ionicae
1528 1720 1559 1767 10

365 1815 608 1887 construentur,
641 1804 753 1869 habita
786 1807 848 1870 erit
880 1808 964 1871 ratio
997 1807 1250 1889 mediocritatis,
1286 1809 1371 1893 quod
1407 1817 1438 1870 et
1465 1806 1506 1868 ab

364 1929 478 1972 severo
506 1928 596 1971 more
625 1905 809 1971 doricorum
837 1917 869 1971 et
896 1908 938 1973 ab
966 1911 1139 1974 teneritate
1167 1909 1399 1975 corinthiorum
1426 1916 1506 1971 tem-

329 2008 532 2095 operabitur
565 2030 675 2072 carum
708 2010 870 2075 institutio
904 2013 1124 2098 proprietatis.
1173 2013 1215 2075 ad
1239 2010 1507 2075 consuetudinem

363 2119 471 2174 autem
493 2111 590 2174 decor
613 2112 661 2175 sie
684 2112 894 2198 exprimitur,
925 2135 998 2177 cum
1024 2113 1183 2178 aedificiis
1206 2113 1417 2178 interioribus
1440 2132 1505 2173 ma-

363 2200 491 2296 ghifieis
514 2214 592 2277 item
614 2212 779 2277 vestibula
801 2216 1029 2279 convenientia
1051 2226 1083 2279 et
1105 2214 1267 2299 elegantia
1294 2223 1387 2277 erunt
1409 2212 1505 2275 facta.
1527 2227 1557 2275 15
1585 2264 1588 2268 .

364 2316 391 2377 si
432 2314 517 2378 enim
555 2314 710 2378 interiora
742 2327 933 2402 prospectus
967 2316 1140 2380 habuerint
1174 2316 1358 2399 elegantes,
1397 2313 1506 2376 aditus

362 2425 471 2479 autem
493 2415 630 2480 humiles
654 2423 686 2478 et
707 2416 913 2500 inhonestos,
941 2440 1007 2481 non
1035 2427 1129 2481 erunt
1157 2439 1229 2481 cunr
1258 2417 1384 2478 decore.
1428 2416 1507 2477 item

364 2519 392 2581 si
421 2516 540 2581 doricis
569 2516 731 2603 epistyliis
759 2518 794 2581 in
823 2520 949 2584 coronis
972 2517 1128 2582 denticuli
1151 2516 1338 2604 sculpentur
1359 2525 1415 2579 aut
1437 2514 1506 2600 pul-

364 2619 487 2682 vinatis
516 2617 665 2705 capitulis
694 2609 729 2682 et¹
752 2619 867 2684 ionicis
897 2620 1060 2706 epistyliis
1088 2620 1312 2706 exprimentur
1337 2616 1506 2703 triglyphi,

365 2721 531 2784 translatis
549 2719 670 2784 exalia
686 2721 811 2785 ratione
827 2722 1082 2809 proprietatibus
1105 2724 1140 2785 in
1162 2720 1253 2786 aliud
1274 2743 1376 2805 genus
1399 2720 1506 2805 operis
1525 2734 1558 2781 ‘ro

365 2824 548 2889 offendetur
568 2832 736 2909 aspectus,
760 2824 833 2889 aliis
856 2836 931 2890 ante
954 2825 1085 2890 ordinis.
1101 2824 1391 2891 consuetudinibus
1414 2823 1507 2886 insti-

331 2926 454 2989 ttutis.
504 2926 660 2990 naturalis
688 2936 796 2990 autem
825 2908 933 2992 decor?
952 2929 1000 2991 sic
1028 2929 1112 3010 erit,
1145 2929 1173 2990 si
1195 2928 1335 3013 primum
1357 2924 1507 2990 omnibus

366 3027 494 3112 templis
510 3027 741 3091 saluberrimae
755 3030 904 3114 regiones
927 3051 1147 3116 aquarumque
1169 3029 1274 3093 fontes
1297 3028 1332 3090 in
1354 3027 1405 3091 his
1427 3025 1507 3091 loeis

365 3128 475 3193 idonei
492 3129 652 3214 eligentur
667 3132 702 3195 in
717 3132 833 3217 quibus
849 3131 926 3195 fana
949 3133 1201 3212 constituantur,
1225 3128 1344 3192 deinde
1366 3129 1508 3190 maxime
1570 3194 1582 3208 ‚

365 3231 561 3318 Aesculapio
590 3231 710 3316 Saluti,
738 3255 873 3319 quorum
902 3233 1036 3297 deorum
1064 3232 1196 3318 plurimi
1223 3230 1395 3294 medicinis
1417 3231 1508 3313 aegri
1526 3244 1558 3292 25

435 3596 448 3641 1
466 3593 524 3643 diu:
545 3594 607 3644 divo
628 3594 686 3644 GH.
699 3590 710 3659 ΙΙ
722 3592 875 3659 hypaethra
893 3595 946 3644 ed:
966 3592 1156 3658 lrypethraque
1177 3593 1206 3654 G,
1226 3589 1383 3658 hyphdrraq3
1402 3591 1429 3639 H
1448 3588 1506 3655 (hy-

367 3678 494 3742 phetraq‚
515 3678 584 3740 Llc).
598 3675 610 3744 ΙΙ
628 3679 831 3728 constituentur
852 3680 879 3727 H
891 3677 1004 3743 (trecop
1023 3681 1172 3727 -tuuntur
1191 3677 1265 3740 G(et
1278 3684 1336 3726 ante
1355 3693 1423 3728 corr.
1441 3675 1476 3740 c).
1491 3674 1503 3740 ll

366 3766 381 3811 3
400 3762 525 3815 videmus
547 3764 580 3812 G:
609 3763 725 3812 vidimus
743 3765 772 3812 Il
795 3762 910 3827 (GCLIc).
928 3759 940 3828 Η
957 3778 1080 3812 mrnurue
1098 3770 1158 3812 ante
1176 3779 1244 3811 corr.
1265 3763 1293 3811 G.
1312 3759 1324 3827 [1
1340 3761 1425 3810 aedos
1447 3766 1506 3809 ante

366 3864 434 3898 corr.
456 3848 486 3896 G.
511 3847 522 3912 ΙΙ
544 3847 681 3897 ddiliciis
701 3849 771 3906 GHc,
790 3849 901 3898 dilicias
918 3856 979 3897 uate
996 3864 1065 3898 corr.
1086 3850 1119 3896 ΙΙ.
1144 3844 1156 3912 11
1180 3847 1291 3896 tronti
1309 3846 1441 3910 anphis
1460 3845 1505 3907 (cf.

366 3932 394 3984 0.
411 3933 433 3981 I.
446 3933 478 3984 L.
494 3932 518 3987 I,
533 3931 804 3997 12381umphieis=
815 3931 970 3998 νυμφαις)ε
990 3932 1121 3996 fontrcym
1135 3931 1197 3995 phis
1212 3932 1233 3980 G
1246 3929 1328 3995 (phys
1341 3931 1395 3993 Gc),
1416 3929 1506 3990 fonty-

367 4031 428 4065 cum
447 4016 516 4081 phys
535 4015 564 4062 H
577 4015 672 4080 (fonty
690 4017 795 4080 cuphys
812 4019 848 4079 P,
872 4018 952 4081 fonty
970 4019 1004 4066 cir
1023 4017 1093 4080 phys
1116 4016 1143 4072 b,
1167 4015 1281 4077 fontycu
1304 4013 1374 4076 phys
1392 4016 1411 4069 ἱ,
1436 4012 1507 4061 fontr

367 4102 400 4149 cir
420 4101 481 4165 plns
499 4117 513 4150 e
534 4099 614 4164 [phys
632 4098 696 4165 ecid,
716 4100 813 4164 fontyir
831 4103 939 4166 nyphys
954 4119 984 4166 p,
1004 4101 1094 4150 lontrir
1112 4099 1232 4162 nrmplrrs
1251 4097 1294 4160 L).
1318 4094 1331 4160 ΙΙ
1355 4099 1384 4144 11
1405 4096 1439 4145 ab
1459 4112 1505 4146 om.

367 4185 407 4248 (et
425 4185 533 4249 severo)
560 4185 587 4234 G.
616 4181 628 4252 ΙΙ
655 4187 686 4235 13
711 4199 804 4234 earum
827 4187 898 4236 Joe.:
927 4201 1019 4236 eorum
1044 4185 1102 4237 GH.
1126 4177 1138 4248 ΙΙ
1166 4184 1197 4230 16
1220 4183 1381 4245 prospectus
1406 4182 1445 4230 ed.
1465 4181 1506 4230 ΡΙ.

368 4269 457 4334 (ree.):
485 4270 568 4334 per(p
588 4269 718 4333 G)lectus
738 4269 796 4322 Gli.
825 4266 837 4334 ΙΙ
866 4272 897 4320 18
921 4275 970 4319 aut
992 4267 1160 4332 —triglyphi
1187 4267 1256 4314 dna:
1290 4269 1337 4315 aut
1365 4265 1393 4314 in
1416 4264 1506 4330 pulvi·

366 4355 441 4403 natis
471 4355 604 4404 columnis
628 4359 656 4404 et
684 4353 782 4404 ionicis
810 4352 1023 4418 episty(iG)liis
1047 4351 1177 4415 capitulis
1202 4352 1388 4418 exprimentur
1411 4350 1506 4415 trigly-

366 4439 428 4504 phis
445 4436 601 4504 (triclyphis
619 4441 650 4489 H
654 4441 663 4504 )
680 4440 730 4488 GH
748 4435 814 4501 (scil.
832 4440 868 4487 ad
884 4438 963 4488 verbu
980 4438 1009 4484 in
1027 4435 1178 4500 pulvinatis
1198 4435 1332 4485 columnis
1350 4438 1375 4485 in
1392 4437 1505 4498 margine

367 4525 502 4587 archetypi
512 4541 528 4572 a
540 4532 687 4575 correctore
700 4524 854 4586 adscriptum
864 4522 945 4584 suase
963 4521 1062 4570 uidetur
1080 4520 1217 4584 capituliS,
1230 4523 1299 4586 quod
1309 4523 1335 4570 ia
1344 4528 1439 4570 lercham
1451 4525 1506 4569 Ioco

366 4609 453 4671 inepto
462 4613 554 4671 postea
562 4611 668 4658 inseruit
677 4608 796 4658 librarius
805 4625 821 4658 a
832 4624 880 4674 quo
888 4608 1001 4672 pendent
1011 4603 1082 4671 GH).
1094 4603 1106 4671 ΙΙ
1118 4609 1149 4655 21
1160 4605 1232 4655 alius
1241 4606 1316 4655 Solen.
1329 4602 1341 4671 ΙΙ
1352 4606 1386 4654 25
1396 4605 1444 4654 aes
1447 4601 1451 4669 Ι
1460 4620 1506 4654 cu-

367 4707 414 4756 pro
427 4698 485 4739 ante
498 4708 565 4743 corr.
581 4695 610 4741 G.
629 4690 641 4759 ΙΙ
658 4708 767 4756 quorum
787 4694 897 4744 deorum
911 4708 957 4757 epo
971 4691 1011 4754 (et
1021 4708 1047 4757 q.
1060 4691 1085 4740 d.
1101 4690 1190 4754 Lor.):
1210 4696 1233 4756 (a
1248 4691 1324 4754 elerii
1343 4690 1426 4740 deorir
1440 4704 1506 4756 quo·
