3784 5625
709 683 757 730 nn
779 682 1047 732 cremauerunt
1070 685 1138 731 ma.
1162 687 1194 731 v.
1465 674 1524 737 107

380 834 591 921 angularibus
614 844 702 918 octo,
726 857 768 899 ex
789 836 890 901 altera
918 847 1010 923 parte
1033 860 1106 901 cum
1128 837 1340 923 angularibus
1369 858 1421 922 vl,
1441 840 1525 906 ideo

381 936 468 1024 quod
490 935 618 1014 mediae
641 936 724 1000 duae
746 938 779 1000 in
803 959 840 1002 ea
862 948 956 1024 parte
977 961 1042 1003 non
1064 949 1145 1002 sunt
1159 942 1285 1025 positae
1300 963 1340 1003 ne
1356 942 1525 1027 inpediant

380 1048 532 1125 aspectus
554 1039 668 1125 pronai
690 1038 781 1103 aedis
803 1041 959 1125 Augusti,
983 1062 1065 1126 quae
1088 1050 1136 1104 est
1158 1042 1193 1104 in
1214 1040 1321 1105 medio
1344 1039 1446 1107 latere
1468 1066 1523 1129 pa-

379 1142 471 1205 rietis
499 1139 655 1203 basilicae
682 1139 849 1205 conlocata
877 1150 1026 1228 spectans
1056 1142 1200 1205 medium
1228 1142 1335 1207 forum
1358 1153 1390 1206 et
1411 1144 1524 1207 aedem

344 1243 482 1309 alevis.
527 1243 605 1305 item
632 1240 778 1305 tribunal
806 1242 894 1327 quod
923 1252 980 1306 est·
994 1244 1029 1304 in
1051 1263 1089 1305 ea
1111 1243 1201 1326 aede,
1222 1242 1412 1331 ‚hemicyclii
1434 1246 1523 1309 sche-
1543 1262 1558 1311 5
1583 1264 1586 1271 '

380 1345 476 1408 matis
505 1345 639 1409 minoris
668 1353 843 1407 curvatura
872 1353 921 1407 est
947 1343 1131 1409 formatum.
1188 1346 1257 1408 eius
1285 1355 1394 1409 autem
1421 1347 1523 1410 hemi-

382 1445 479 1533 cyclii
498 1446 533 1508 in
553 1445 661 1510 fronte
683 1455 732 1509 est
752 1443 963 1508 intervallum
977 1445 1097 1531 pedum
1117 1464 1212 1527 xavt,
1233 1447 1393 1511 introrsus
1409 1470 1522 1511 curva-

381 1559 456 1612 tura
469 1545 591 1634 pedum
611 1565 669 1628 xv,
693 1548 742 1620 uti
763 1549 819 1633 qui
840 1546 928 1633 apud
951 1546 1161 1631 magistratus
1182 1557 1306 1611 starent
1320 1550 1524 1633 negotiantes

380 1652 416 1713 in
437 1647 575 1713 basilica
603 1670 644 1711 ne
671 1648 867 1735 inpedirent.
912 1670 1010 1734 supra
1038 1647 1202 1711 columnas
1232 1648 1401 1713 extribus
1424 1652 1524 1735 tignis

380 1749 591 1838 bipedalibus
621 1750 797 1836 compactis
824 1750 932 1814 trabes
963 1758 1038 1813 sunt
1065 1749 1150 1813 circa
1172 1749 1375 1834 conlocatae,
1404 1773 1525 1838 eaeque
1546 1770 1576 1817 ιο

379 1853 422 1917 ab
444 1852 548 1916 tertiis
572 1850 729 1916 columnis
753 1873 835 1937 quae
858 1861 933 1915 sunt
955 1851 989 1913 in
1017 1852 1170 1915 interiore
1189 1862 1294 1937 parte,
1316 1863 1525 1918 revertuntur

380 1953 423 2017 ad
451 1962 544 2017 antas
572 1975 655 2038 quae
682 1975 701 2015 a
730 1975 851 2039 pronao
884 1962 1079 2038 procurrunt
1118 1952 1299 2039 dextraque
1333 1965 1364 2017 et
1391 1956 1526 2019 sinistra

344 2052 611 2142 chemicyclium
638 2063 786 2139 tangunt.
832 2077 930 2141 supra
957 2054 1067 2118 trabes
1096 2063 1208 2118 contra
1232 2055 1375 2141 capitula
1397 2078 1439 2119 ex
1461 2056 1523 2120 ful-

380 2156 499 2219 mentis
523 2154 700 2241 dispositae
721 2154 807 2242 pilae
829 2166 905 2220 sunt
928 2154 1114 2220 conlocatae
1136 2155 1221 2219 altae
1243 2156 1344 2241 pedes
1366 2175 1418 2240 111,
1441 2157 1526 2221 latae

381 2277 625 2344 quoqueversus
661 2267 843 2342 quaternos.
894 2279 992 2344 supra
1025 2279 1079 2319 eas
1113 2278 1155 2319 ex
1183 2255 1311 2345 duobus
1344 2259 1443 2342 tignis
1473 2259 1523 2323 bi·
1544 2276 1576 2323 15

380 2357 553 2446 pedalibus
580 2358 689 2422 trabes
718 2380 918 2444 euerganeae
949 2359 1035 2421 circa
1062 2368 1138 2421 sunt
1165 2356 1360 2421 conlocatae.
1406 2359 1524 2445 quibus

380 2463 514 2548 insuper
541 2468 684 2524 transtra
711 2480 784 2524 cum
813 2457 971 2547 capreolis
1000 2456 1222 2522 columnarum
1252 2466 1364 2521 contra
1390 2481 1526 2546 corpora

381 2573 413 2626 et
433 2571 527 2625 antas
551 2571 583 2625 et
604 2563 745 2649 parietes
767 2562 881 2647 pronai
904 2558 1070 2624 conlocata
1092 2561 1253 2624 sustinent
1275 2581 1376 2623 unum
1398 2560 1524 2625 culmen

380 2674 556 2753 perpetuae
577 2662 749 2745 basilicae,
778 2662 916 2726 alterum
938 2683 959 2724 a
980 2661 1087 2724 medio
1110 2684 1209 2748 supra
1236 2683 1394 2747 pronaum
1422 2653 1524 2726 aedis.

329 2786 361 2833 10
380 2768 429 2831 ita
450 2764 657 2849 fastigiorum
680 2763 803 2852 duplex
830 2764 995 2850 pectinata
1023 2762 1193 2850 dispositio
1222 2764 1423 2829 extrinsecus
1446 2766 1525 2829 tecti
1542 2781 1576 2829 ro

381 2876 413 2930 et
435 2867 600 2930 interioris
622 2866 708 2930 altae
722 2867 898 2949 testudinis
913 2873 1058 2951 praestat
1073 2866 1213 2951 speciem
1228 2875 1409 2929 venustam.
1447 2869 1525 2931 item

380 2968 512 3033 sublata
534 2966 762 3056 epistyliorum
785 2975 974 3031 ornamenta
994 2976 1026 3030 et
1040 2964 1225 3053 pluteorum
1240 2966 1525 3056 columnammque

380 3071 584 3155 superiorum
607 3069 795 3133 distributio
818 3091 987 3157 operosam
1010 3067 1152 3131 detrahit
1166 3066 1347 3132 molestiam
1362 3080 1525 3156 sumptus-

381 3193 445 3258 que
468 3171 622 3234 inminuit
645 3193 686 3233 ex
708 3192 826 3255 magna
840 3180 934 3256 parte
949 3190 1119 3232 summam.
1155 3171 1247 3257 ipsae
1263 3191 1339 3233 vero
1356 3169 1525 3234 columnae

379 3275 415 3338 in
442 3271 617 3336 altitudine
649 3280 807 3358 perpetua
842 3271 902 3335 sub
936 3270 1045 3335 trabes
1081 3271 1256 3334 testudinis
1288 3271 1465 3357 perductae
1493 3282 1525 3335 ct
1543 3288 1575 3335 25

380 3373 656 3458 magnificentiam
683 3374 839 3459 inpensae
868 3382 900 3436 et
928 3373 1154 3435 auctoritatem
1176 3373 1266 3458 operi
1289 3371 1452 3457 adaugere
1476 3375 1523 3436 vi-

380 3474 510 3539 dentur.

348 3598 361 3645 1
465 3576 654 3658 Aerarium,
679 3597 804 3657 carcer,
829 3576 918 3639 curia
940 3574 1010 3639 soro
1033 3583 1109 3638 sunt
1131 3575 1372 3661 coniungenda,
1396 3575 1455 3639 sed
1476 3578 1522 3640 ita
1539 3590 1567 3639 ΙΙ
1636 3622 1638 3625 ·

450 3768 463 3816 1
481 3767 520 3817 VI
537 3768 568 3816 Η
585 3763 645 3831 (L):
665 3781 713 3816 sex
733 3766 762 3816 G.
786 3762 797 3832 Η
820 3764 924 3829 bqnod
950 3764 1003 3814 GH
1019 3764 1076 3827 (LI,
1100 3778 1170 3827 quae
1192 3763 1243 3828 ct).
1267 3762 1279 3830 1]
1301 3765 1449 3831 hemicycli
1474 3767 1525 3816 GH

382 3849 452 3912 (rtem
463 3867 486 3900 o.
500 3847 535 3914 ⁶).
553 3847 565 3916 ΙΙ
581 3851 713 3901 scematis
733 3851 790 3900 GH:
807 3846 820 3917 ΙΙ
836 3853 851 3900 6
865 3852 1014 3899 curvatura
1028 3849 1078 3898 GH
1094 3846 1136 3910 (L,
1151 3852 1316 3899 curvaturae
1328 3855 1410 3904 (—rae
1423 3853 1441 3912 l,
1459 3866 1523 3916 -rq

380 3934 421 3989 cb)
439 3933 479 3983 leh
500 3929 562 4000 [of]
587 3931 600 4000 ΙΙ
623 3938 665 3983 est
683 3936 743 3986 add.
763 3935 827 3986 Lor.
853 3932 1016 3999 (curvatura
1035 3933 1181 3982 formatum
1201 3931 1272 3995 GH).
1296 3928 1308 3997 ll
1333 3931 1407 3995 7(et
1424 3933 1451 3994 8)
1476 3950 1523 3998 pe-

382 4018 446 4067 dum
463 4017 534 4068 Joc:
563 4017 646 4082 pedes
667 4019 723 4071 GH.
749 4015 761 4085 ll
784 4021 815 4070 10
839 4033 941 4082 eaeque
967 4015 1099 4095 (eaeque
1119 4016 1162 4078 60)
1189 4017 1250 4066 GH:
1276 4016 1382 4079 haeque
1408 4015 1486 4079 (Llc).
1509 4013 1521 4080 {l

381 4119 413 4167 12
433 4104 536 4182 aproni>
556 4098 650 4182 &tut
671 4136 751 4184 supra
773 4137 798 4184 p.
822 4122 869 4184 96,
888 4118 941 4180 21).
967 4115 979 4182 ΙΙ
1008 4121 1040 4169 13
1067 4117 1274 4181 hemicyclium:
1302 4119 1339 4165 sic
1363 4117 1421 4167 GH.
1448 4112 1461 4181 [J
1491 4119 1522 4166 15

380 4233 489 4284 quoque
514 4217 562 4289 (ᾗ
580 4220 613 4280 G,
639 4207 682 4288 (ἴῳ
709 4222 756 4283 G0,
781 4232 862 4285 quoq3
884 4220 968 4283 ΗΜ,
993 4234 1073 4284 quoq:
1092 4236 1118 4277 c,
1142 4233 1248 4282 quoque
1267 4216 1285 4280 l)
1308 4231 1404 4267 versus
1428 4218 1486 4267 GH.
1508 4214 1520 4282 Η

380 4307 530 4368 quaternos
554 4305 638 4355 Mart:
667 4311 816 4370 quaternus
843 4310 902 4351 aare
924 4318 993 4351 corr.
1017 4303 1058 4364 H,
1082 4303 1158 4351 -nis
1183 4302 1246 4351 GHc
1269 4299 1347 4364 (Llc).
1375 4297 1387 4365 [Ι
1415 4302 1447 4349 16
1465 4305 1521 4350 tra-

379 4388 430 4438 bes
446 4386 485 4438 G:
504 4402 551 4440 om.
572 4389 602 4438 H
618 4388 658 4452 (ch
677 4387 741 4455 [f]).
764 4384 777 4454 ss
800 4400 986 4450 eucrganeae:
1009 4384 1046 4434 cie
1065 4384 1162 4450 (-nee
1183 4385 1214 4448 G)
1235 4386 1292 4436 GH.
1316 4381 1329 4452 ll
1352 4386 1382 4434 tv
1400 4389 1521 4434 transtra

379 4469 447 4520 1:11²:
471 4476 561 4521 tracta
582 4471 704 4537 GH<(lc).
731 4468 744 4538 ΙΙ
772 4473 803 4522 18
823 4469 961 4520 collocata
979 4469 1048 4518 doe:
1074 4467 1234 4519 conlocatae
1259 4470 1331 4530 (-te
1351 4469 1379 4527 6,
1398 4472 1459 4534 -te
1478 4468 1527 4530 6⁶).

382 4555 442 4604 GH.
467 4552 480 4620 [Ι
502 4557 536 4606 20
553 4553 696 4619 pectinata
713 4555 844 4606 Bondam:
864 4549 1018 4614 tectilnata
1039 4551 1073 4610 0,
1091 4552 1228 4602 tectinata
1246 4555 1274 4602 H
1293 4551 1341 4616 (L,
1364 4553 1433 4604 tecti
1454 4556 1523 4602 nata

379 4637 424 4699 lc).
447 4631 460 4702 fl
483 4639 516 4688 25
534 4638 627 4688 trabes
644 4637 648 4704 Ι
665 4646 698 4696 G:
718 4639 797 4689 trabe
813 4635 818 4703 Ι
832 4639 864 4686 Η
880 4634 970 4701 (nabe
989 4633 1055 4699 Llc).
1080 4631 1093 4701 ΙΙ
1115 4636 1148 4687 26
1166 4633 1316 4701 adaugere:
1334 4640 1372 4688 sic
1391 4637 1449 4688 GH.
1461 4633 1474 4703 ΙΙ
1489 4638 1522 4686 28

379 4721 578 4788 conlnngenda
598 4723 628 4777 G.
