3784 5625
676 640 723 687 nn
747 638 1013 687 Ancmrucrunn
1036 640 1105 688 urs.
1127 643 1188 687 vn.
1445 628 1504 692 157

362 794 501 880 scripta,
530 791 668 879 populus
697 802 831 856 cunctus
860 792 1074 877 significando
1096 794 1248 857 monebat
1269 794 1394 859 iudices
1418 796 1504 882 quod

361 894 547 981 probarent.
598 895 707 979 itaque
736 916 808 957 cum
830 893 872 956 ab
895 893 1034 978 singulis
1059 896 1239 959 sententiae
1263 905 1337 959 suut
1359 905 1502 981 rogatae,
1655 978 1658 983 Ι

361 1018 421 1060 sex
447 1017 513 1059 una
541 994 696 1058 dixerunt
726 1004 758 1057 et
785 1016 880 1080 quem
908 997 1050 1059 maxime
1072 996 1373 1060 animadverterunt
1394 997 1503 1061 multi·
1576 1052 1584 1057 .

360 1096 468 1161 tudini
491 1096 662 1183 placuisse,
687 1096 715 1157 ei
737 1097 877 1181 primum
900 1100 1096 1183 praemium,
1120 1098 1304 1184 insequenti
1326 1098 1503 1163 secundum

361 1198 557 1261 tribuerunt.
608 1196 843 1281 Aristophanes
867 1220 951 1263 vero«
969 1221 1041 1264 cum
1063 1198 1105 1263 ab
1129 1221 1166 1264 eo
1189 1201 1350 1263 sententia
1371 1222 1501 1285 rogare·
1521 1215 1536 1262 5

361 1309 430 1381 tur,
459 1320 532 1361 eum
560 1299 700 1384 primum
728 1299 908 1364 renuntiari
934 1301 1030 1364 iussit
1058 1302 1113 1386 qui
1140 1302 1274 1364 minime
1295 1299 1413 1388 populo
1435 1300 1503 1387 pla-

328 1402 493 1464 tcuisset.
524 1422 611 1473 ,cum
632 1408 741 1464 autem
762 1422 822 1463 rex
844 1410 876 1465 et
898 1402 1045 1465 universi
1067 1401 1275 1466 vehementer
1295 1403 1503 1487 indignaren-

362 1511 430 1583 tur,
459 1502 602 1565 surrexit
630 1511 662 1565 et
683 1501 828 1584 rogando
851 1504 1039 1589 impetravit
1061 1511 1097 1567 ut
1118 1513 1306 1590 paterentur
1328 1526 1363 1567 se
1385 1504 1503 1569 dicere.

362 1604 472 1687 itaque
501 1601 631 1666 silentio
658 1602 744 1666 facto
773 1602 883 1668 docuit
910 1626 1009 1667 unum
1037 1627 1079 1667 ex
1100 1605 1151 1671 his
1176 1626 1248 1668 eum
1272 1627 1342 1670 esse
1363 1615 1503 1692 poetam,

363 1714 486 1769 ceteros
501 1702 608 1767 aliena
623 1704 823 1785 recitavisse,
846 1714 995 1791 oportere
1008 1715 1115 1769 autem
1135 1706 1317 1770 iudicantes
1339 1729 1404 1770 non
1417 1705 1505 1770 furta
1523 1721 1554 1769 10

363 1806 421 1869 sed
450 1807 572 1891 scripta
600 1805 748 1891 probare.
804 1804 985 1870 admirante
1013 1806 1132 1893 populo
1161 1818 1192 1871 et
1219 1831 1297 1893 rege
1321 1808 1502 1889 dubitante,

362 1908 464 1972 fretus
487 1908 642 1971 memoris
666 1928 683 1969 e
705 1909 802 1971 certis
824 1909 972 1973 armariis
995 1908 1122 1972 infinita
1144 1908 1311 1973 volumina
1334 1910 1449 1973 eduxit
1473 1917 1504 1971 et

363 2031 496 2073 earum
524 2009 668 2072 recitatis
697 2009 893 2081 conferendo
922 2013 1028 2094 coegit
1049 2012 1138 2096 ipsos
1155 2010 1285 2075 *furatos
1309 2011 1349 2074 de
1372 2033 1407 2075 se
1430 2033 1503 2074 con-

363 2110 458 2197 fiteri.
508 2110 620 2195 itaque
646 2121 707 2173 rex
735 2111 830 2174 iussit
858 2133 930 2174 cum
957 2110 1009 2174 his
1031 2115 1086 2196 agi
1108 2113 1188 2178 furti
1210 2114 1504 2197 condemnatosque

364 2234 437 2274 cum
458 2212 637 2295 ignominia
659 2210 799 2294 dimisit,
828 2212 1073 2297 Aristophanen
1100 2235 1177 2277 vero
1204 2212 1414 2299 amplissimis
1436 2237 1503 2284 mu·
1524 2228 1555 2275 15

331 2311 496 2376 sneribus
525 2314 654 2376 ornavit
684 2322 715 2376 et
738 2335 835 2399 supra
857 2313 1089 2378 bibliothecam
1111 2316 1290 2377 constituit.
1333 2315 1504 2398 insequen-

364 2415 452 2479 tibus
475 2416 569 2477 annis
592 2437 612 2477 a
633 2413 827 2478 Macedonia
849 2414 973 2494 Zoilus,
997 2416 1053 2499 qui
1074 2414 1245 2500 adoptavit
1268 2436 1446 2498 cognomen
1468 2422 1505 2476 ut

347 2514 630 2588 ,Homeromastix
645 2517 854 2597 vocitaretur,
877 2514 1112 2579 Alexandriam
1127 2517 1217 2579 venit
1240 2526 1361 2600 suaque
1384 2516 1506 2599 scripta

365 2626 476 2705 contra
497 2615 636 2680 iliadem
665 2626 696 2680 et
720 2616 891 2703 Odyssean
919 2627 1104 2704 comparata
1131 2618 1202 2701 regi
1223 2617 1385 2680 recitavit.
1428 2616 1504 2678 Pto-

363 2717 505 2784 lomaeus
520 2740 598 2783 vero
621 2740 694 2782 cum
716 2719 1007 2805 animadvertisset
1023 2728 1191 2805 poetarum
1212 2727 1378 2804 parentem
1401 2715 1503 2802 philo·
1522 2731 1556 2779 20
1633 2735 1635 2738 ·

364 2820 535 2908 logiasque
557 2824 660 2886 omnis
682 2821 798 2885 ducem
819 2822 986 2885 absentem
1010 2823 1124 2885 vexari
1148 2830 1179 2884 et
1202 2822 1292 2884 cuius
1315 2821 1357 2883 ab
1380 2822 1505 2882 cunctis

365 2912 518 3007 gentibus
547 2924 669 3010 scripta
699 2925 942 3010 suspicerentur
969 2923 1011 2987 ab
1040 2945 1085 2988 eo·
1107 2925 1300 3009 vituperari,
1330 2923 1504 3007 indignans

364 3023 489 3089 nullum
517 3027 547 3088 ei
575 3024 667 3088 dedit
693 3047 895 3111 responsum.
945 3024 1058 3090 Zoilus
1085 3035 1193 3090 autem
1221 3048 1293 3088 cum
1321 3026 1443 3088 diutius
1472 3026 1506 3086 in

364 3148 465 3210 regno
488 3124 615 3210 fuisset,
638 3128 749 3212 inopia
768 3149 899 3213 pressus
921 3128 1082 3190 summisit
1101 3127 1144 3190 ad
1164 3149 1273 3210 regem
1288 3126 1454 3213 postulans
1469 3136 1505 3188 ut

333 3225 491 3314 taliquid
519 3227 584 3292 sibi
611 3227 820 3292 tribueretur.
868 3250 927 3291 rex
955 3249 1032 3292 vcro
1060 3228 1267 3314 respondisse
1295 3228 1416 3291 dicitur
1437 3225 1504 3290 Ho-
1523 3239 1556 3288 25

365 3351 510 3411 merum,
545 3329 601 3415 qui
633 3339 708 3393 ante
740 3352 842 3393 annos
870 3328 959 3393 mille
987 3328 1202 3412 decessisset,
1234 3351 1316 3393 aevo
1348 3338 1505 3416 perpetuo

366 3429 468 3495 multa
493 3430 585 3494 milia
611 3431 779 3495 hominum
805 3453 954 3518 pascere,
983 3432 1060 3495 item
1083 3431 1202 3495 debere
1225 3432 1281 3517 qui
1303 3430 1435 3496 meliore
1452 3432 1504 3494 in·

436 3757 550 3823 tquod:
570 3758 607 3807 stc
627 3758 685 3807 GH.
708 3752 721 3822 ll
744 3761 759 3807 3
777 3758 905 3807 dixerunt
917 3759 946 3807 H
958 3756 1040 3821 (hiep
1060 3757 1218 3808 direxerunt
1238 3759 1266 3809 G.
1284 3754 1296 3823 ll
1311 3760 1326 3807 6
1339 3756 1506 3806 renuntiari:

366 3844 405 3890 sic
418 3842 476 3891 GH.
494 3838 506 3908 ΙΙ
521 3842 710 3906 8impetravit
722 3843 763 3890 ed.
777 3840 864 3906 (reeh
879 3843 1024 3907 imperavit
1036 3843 1094 3892 GH.
1107 3840 1119 3907 ll
1136 3844 1167 3892 10
1180 3839 1351 3906 oportereat²
1365 3850 1424 3890 ante
1435 3856 1504 3890 corr.

368 3928 423 3991 (qui
439 3941 491 3978 ser.
504 3930 597 3976 autem
614 3942 695 3990 supra
711 3924 766 3991 at2)
788 3929 816 3977 G.
832 3923 845 3992 {l
862 3929 892 3976 12
906 3928 1036 3976 memoria
1055 3927 1163 3975 ecertis
1175 3926 1245 3977 Joc.:
1263 3925 1411 3975 memoriae
1425 3924 1503 3984 (-iae

367 4011 399 4066 L,
418 4010 479 4075 —ie
500 4010 555 4072 Gle)
574 4011 658 4061 certis
678 4011 736 4063 GH.
759 4006 772 4076 ΙΙ
796 4013 827 4060 15
845 4010 949 4059 dimisit
966 4011 995 4059 H
1017 4007 1101 4073 (Llc),
1124 4008 1232 4058 demisit
1256 4010 1286 4059 G.
1310 4005 1322 4073 Η
1345 4007 1505 4070 Aristopha-

367 4109 435 4143 nen:
453 4096 490 4144 εἰσ
510 4094 563 4143 GH
579 4092 658 4159 (nze).
680 4090 692 4159 ΙΙ
717 4097 748 4143 16
766 4096 864 4146 biblio·
884 4096 913 4156 G,
932 4093 1038 4158 byblio-
1056 4095 1087 4142 H
1103 4093 1166 4156 (Le,
1189 4092 1293 4154 biblyo-
1313 4091 1340 4153 l).
1363 4087 1375 4157 l]
1400 4094 1430 4140 17
1449 4107 1505 4140 ma-

368 4176 505 4228 chedonis
525 4179 578 4228 GH
597 4177 659 4241 (Le,
679 4194 768 4229 maee-
786 4182 815 4242 l).
839 4175 851 4245 ΙΙ
874 4181 905 4229 18
928 4177 1155 4240 homerolmastix
1176 4177 1209 4234 G,
1227 4175 1337 4224 homero
1360 4176 1460 4224 mastix
1477 4177 1506 4224 H

368 4260 441 4325 (Lu,
463 4264 512 4312 sed
534 4279 625 4313 omero
644 4265 664 4323 l,
687 4267 795 4326 mastyx
817 4260 868 4322 eh).
897 4258 909 4325 11
937 4264 970 4312 19
992 4262 1096 4311 iliadeu
1121 4265 1148 4309 et
1169 4260 1292 4309 odissian
1316 4260 1366 4309 GH
1389 4256 1469 4322 (Llc).
1492 4258 1503 4323 {l

367 4345 507 4411 pt0(ptho-
524 4346 650 4413 t)lomeus
669 4349 720 4397 GH
737 4346 817 4410 (hle).
839 4342 852 4410 ll
879 4349 911 4394 22
930 4349 1150 4410 suspicerentur:
1171 4347 1209 4394 sie
1233 4345 1290 4394 GH.
1318 4340 1330 4409 ll
1357 4344 1506 4408 indignans

369 4431 403 4480 G:
427 4430 555 4496 indignus
578 4432 608 4480 H
630 4429 710 4497 (Llr).
734 4428 746 4497 [l
769 4433 802 4480 24
824 4445 934 4494 pressus
958 4431 1092 4479 summisit
1115 4432 1156 4480 ed.
1179 4427 1266 4492 (rec.):
1288 4444 1412 4494 pressum
1434 4444 1505 4478 snm-

366 4514 444 4564 misit
453 4516 481 4564 H
494 4512 643 4580 (pressum.
655 4509 790 4568 summisit
801 4532 822 4573 σ,
840 4515 1132 4579 pressu.si1misitLt‚
1149 4529 1259 4580 pressus
1269 4514 1404 4564 summisit
1420 4515 1430 4562 l
1447 4522 1506 4564 ante

366 4615 436 4650 corr.
455 4602 499 4668 qui
512 4601 577 4666 feeit
594 4615 705 4669 pressus
723 4601 807 4666 misit,
824 4602 873 4651 sed
887 4615 930 4664 pr.
949 4617 980 4650 m.
992 4601 1145 4665 scripturum
1162 4601 1273 4650 restituit
1290 4597 1377 4667 attur),
1394 4615 1506 4666 pressus

366 4686 442 4737 misit
460 4687 490 4742 G.
