3784 5625
390 648 450 711 144
876 663 1034 709 vrrnuvu

388 838 422 879 se
452 817 634 903 spectantia
661 815 788 901 possint
816 836 887 878 csse
915 814 1098 896 conlocata,
1132 812 1320 899 habentque
1349 814 1468 877 dextra
1492 836 1531 877 ac

388 917 520 982 sinistra
542 916 665 979 lumina
686 916 902 980 fenestrarum
925 916 1058 979 salvata
1064 967 1073 999 ,
1096 917 1144 978 uti
1167 913 1323 979 delectis
1346 937 1405 1001 per
1427 916 1531 1001 spatia

386 1019 601 1083 fenestrarum
616 1018 737 1081 viridia
760 1018 1011 1104 prospiciantur.
1048 1016 1239 1080 altitudines
1262 1038 1372 1080 eorum
1395 1016 1531 1080 dimidia

385 1120 569 1185 latitudinis
592 1119 706 1183 addita
729 1120 981 1183 constituuntur.

352 1237 368 1285 ὁ
470 1221 510 1285 In
525 1222 576 1288 his
592 1220 814 1285 aedificiorum
829 1219 1004 1305 generibus
1020 1242 1131 1286 omnes
1144 1229 1221 1285 sunt
1235 1218 1406 1283 faciendae
1422 1242 1531 1284 earum
1549 1237 1575 1282 11

302 1389 305 1393 Α
386 1324 648 1409 symmetriarum
669 1322 812 1385 rationes
841 1344 924 1407 quae
947 1322 1017 1385 sine
1039 1322 1241 1409 inpeditione
1262 1320 1325 1386 loci
1346 1324 1420 1385 fieri
1440 1332 1530 1408 pote-

385 1435 471 1506 runt,
494 1424 681 1510 luminaque
702 1424 864 1510 parietum
884 1422 1114 1512 altitudinibus
1136 1425 1165 1487 si
1178 1446 1244 1490 non
1260 1423 1530 1506 obscurabuntur,

386 1526 527 1590 faciliter
550 1535 644 1590 erunt
666 1524 845 1612 explicata,
870 1524 920 1588 sin
942 1533 1052 1588 autem
1073 1526 1284 1613 inpedientur
1304 1526 1347 1589 ah
1369 1527 1531 1610 angustiis

386 1640 443 1691 aut
464 1627 536 1691 aliis
560 1625 828 1709 necessitatibus,
857 1635 935 1689 tunc
963 1628 1025 1689 erit
1052 1636 1089 1690 ut
1111 1629 1242 1711 ingenio
1266 1636 1298 1691 et
1318 1628 1469 1690 acumine
1491 1628 1531 1690 de

337 1747 369 1793 10
389 1728 588 1814 symmetriis
611 1719 828 1791 detractiones
850 1737 906 1791 aut
927 1728 1128 1792 adiectiones
1150 1728 1244 1810 fiant,
1277 1729 1327 1792 uti
1347 1751 1415 1793 non
1435 1728 1530 1793 dissi-

387 1829 481 1893 miles
504 1831 593 1893 veris
615 1829 814 1916 symmetriis
836 1829 1046 1915 perficiantur
1067 1839 1267 1893 venustates.

250 1956 259 1962 ⁵
324 1948 378 1998 vn
474 1932 569 1995 Nunc
598 1930 834 2017 explicabimus
862 1930 980 2017 quibus
1008 1930 1262 2018 proprietatibus
1294 1953 1416 2016 genera
1442 1924 1528 1995 aedi·
1547 1942 1597 2008 (lt)

388 2034 535 2097 liciorum
562 2032 605 2096 ad
632 2056 727 2097 usum
755 2042 786 2095 et
815 2032 896 2096 caeli
923 2034 1074 2117 regiones
1101 2043 1178 2119 apte
1206 2032 1347 2097 debeant
1375 2043 1529 2121 spectare.

388 2135 524 2198 hiberna
539 2134 682 2199 triclinia
697 2144 729 2198 et
744 2133 909 2197 balnearia
921 2134 964 2197 ad
975 2134 1176 2198 occidentem
1187 2133 1361 2198 hibernum
1373 2145 1529 2223 spectent,

339 2255 370 2302 15
388 2236 461 2299 ideo
489 2237 585 2321 quod,
602 2237 789 2323 vespertino
817 2235 940 2299 lumine
973 2258 1053 2321 opus
1081 2246 1131 2300 est
1159 2238 1222 2318 uti,
1251 2246 1420 2322 praeterea
1447 2236 1530 2323 qued

389 2339 485 2401 etiam
508 2336 556 2401 sol
579 2338 729 2401 occidens
752 2337 911 2404 adversus
933 2337 1058 2401 habens
1080 2337 1296 2425 splendorem,
1321 2336 1462 2402 calorem
1483 2360 1528 2401 re·

387 2440 519 2503 mittens
542 2438 643 2503 efficit
665 2440 852 2527 vespertino
874 2448 1019 2525 tempore
1040 2440 1206 2523 regionem
1228 2439 1435 2525 tepidiorem.
1478 2462 1528 2504 cu-

387 2540 497 2604 bicula
512 2551 545 2604 et
559 2540 777 2605 bibliothecae
791 2540 834 2604 ad
850 2541 1007 2604 orientem
1029 2550 1175 2626 spectare
1197 2539 1327 2623 debent,
1350 2565 1430 2606 usus
1446 2542 1528 2605 enim

388 2642 583 2705 matutinum
616 2641 758 2728 postulat
793 2641 919 2723 lumen,
953 2642 1031 2705 item
1061 2642 1097 2704 in
1125 2640 1333 2705 bibliothecis
1361 2640 1440 2707 libri
1467 2666 1529 2708 nen

338 2761 371 2807 20
390 2751 586 2830 putrescent.
635 2764 711 2805 nam
739 2764 961 2829 quaecumque
995 2741 1037 2805 ad
1066 2743 1235 2805 meridiem
1269 2753 1300 2807 et
1329 2744 1529 2809 occidentem

390 2853 549 2931 spectant,
572 2867 591 2906 a
613 2846 710 2908 tineis
734 2854 765 2907 et
786 2868 898 2909 umore
919 2844 997 2908 libri
1019 2845 1189 2927 vitiantur,
1212 2846 1299 2930 quod
1321 2848 1415 2910 venti
1428 2847 1528 2912 umidi

389 2946 601 3009 advenientes
635 2955 806 3031 procreant
838 2968 891 3009 eas
925 2956 957 3010 et
984 2945 1074 3009 alunt
1102 2946 1375 3033 infundentesque
1403 2949 1528 3012 umidos

389 3049 522 3134 spiritus
555 3046 677 3133 pallore
713 3045 879 3112 volumina
914 3058 1134 3134 corrumpunt.
1189 3047 1331 3112 triclinia
1364 3071 1466 3113 verna
1499 3059 1555 3113 et‘t

388 3149 586 3214 autumnalia
608 3149 649 3212 ad
672 3150 838 3214 orientem.
877 3149 1016 3213 adeum
1045 3151 1131 3213 enim
1158 3159 1325 3236 praetenta
1352 3150 1528 3216 luminibus

337 3270 370 3317 ⁸25
388 3253 547 3316 adversus
572 3251 649 3316 solis
671 3253 812 3338 impetus
840 3251 1053 3336 progrediens
1081 3250 1123 3314 ad
1146 3250 1347 3315 occidentem
1370 3253 1473 3317 efficit
1495 3274 1529 3315 ea

388 3363 568 3440 temperata
589 3352 631 3415 ad
653 3352 688 3415 id
710 3363 837 3439 tempus
860 3376 924 3438 quo
945 3353 997 3417 his
1020 3352 1150 3416 solitum
1174 3361 1223 3417 cst
1243 3354 1303 3417 uti.
1339 3358 1469 3419 aestiva
1489 3353 1529 3417 ad

389 3455 658 3541 septentrionem,
682 3454 770 3539 quod
792 3476 830 3517 ca
851 3455 942 3539 regio
964 3476 1030 3518 nen
1050 3465 1087 3518 ut
1108 3453 1253 3540 reliquae
1274 3478 1333 3541 per
1355 3455 1527 3521 solstitium

458 3611 471 3658 1
492 3614 550 3673 atq3
568 3615 627 3658 ante
644 3625 713 3662 corr.
731 3611 769 3664 H,
788 3605 801 3676 ll
824 3613 839 3658 t
857 3611 1042 3660 fenestrarum
1065 3610 1166 3659 viridia
1183 3609 1297 3661 valvata
1319 3609 1366 3673 (ea
1382 3629 1405 3664 υ.
1425 3615 1443 3662 3
1461 3618 1527 3662 mete-

389 3693 511 3760 eipondo)
527 3695 579 3744 GH
596 3692 676 3759 (Lle),
693 3695 736 3744 ubi
752 3695 854 3745 viridia
872 3697 920 3745 del.
934 3696 993 3744 Joe.
1016 3691 1030 3761 ss
1052 3694 1133 3744 lectis
1146 3695 1225 3747 Pais:
1244 3695 1327 3745 tectis
1341 3696 1401 3747 GH.
1421 3693 1434 3764 ΙΙ
1457 3700 1472 3748 3
1491 3697 1528 3746 al·

390 3780 524 3830 titudines
544 3779 565 3828 G
587 3777 671 3842 (Lle):
699 3779 856 3830 altitudinis
877 3781 911 3829 H.
934 3776 946 3844 ΙΙ
975 3781 1103 3830 tearum
1125 3780 1153 3827 H
1176 3777 1259 3842 (Ialc):
1287 3779 1355 3830 eade
1377 3789 1439 3832 ante
1461 3798 1526 3841 corr·

390 3866 446 3932 (qui
462 3880 543 3928 supra
560 3879 611 3913 scr.
630 3862 675 3927 rh)
697 3865 725 3916 G.
749 3860 761 3930 ll
784 3864 871 3914 61οοί
889 3866 945 3915 ed:
968 3863 1038 3913 locis
1057 3864 1115 3915 GH.
1139 3859 1151 3928 ss
1178 3865 1193 3912 9
1213 3869 1278 3914 tunc
1296 3865 1350 3914 erit
1368 3866 1403 3918 G:
1431 3867 1527 3916 tenerit

389 3953 419 4001 H
437 3948 515 4013 (Εἰς).
539 3944 551 4014 ΙΙ
580 3950 611 3996 12
631 3948 831 4013 explicabimus
855 3950 926 4000 Get:
951 3947 1149 4013 explieauimus
1169 3948 1221 3997 GH
1237 3946 1298 4011 (le).'
1315 3945 1327 4013 ΙΙ
1348 3952 1379 4000 13
1403 3955 1470 4016 apte
1492 3951 1527 4000 ed.

389 4037 453 4101 (rec.
472 4040 498 4083 et
516 4032 601 4096 epit.):
631 4037 712 4082 actae
737 4032 808 4100 (—te
828 4033 858 4096 Gr)
888 4035 946 4084 GH.
969 4031 981 4098 [Ι
1009 4036 1136 4098 spectare
1166 4035 1201 4085 L:
1232 4037 1396 4096 exspectare
1422 4034 1455 4090 G,
1487 4049 1528 4082 ex·

391 4126 505 4186 pectare
525 4118 553 4166 H
571 4116 626 4182 (lc).
654 4113 666 4182 ll
695 4119 727 4166 14
746 4117 780 4166 ad
799 4119 868 4167 Mar.
893 4116 982 4180 (reeh
1009 4118 1049 4165 uti
1074 4117 1132 4166 GH.
1155 4112 1167 4182 ΙΙ
1191 4119 1223 4167 18
1240 4117 1411 4183 bibliothece
1440 4115 1528 4181 e(t):

390 4203 584 4268 biblyotheeae
599 4202 627 4250 H
646 4199 688 4265 (L,
707 4199 939 4269 bybliothecelc).
956 4199 1016 4267 [119
1034 4201 1247 4252 bibliothecisG
1265 4199 1325 4264 (le
1344 4201 1528 4266 biblyetheeis

391 4291 419 4339 H
432 4287 626 4354 (bybliothecis
645 4286 687 4350 le).
705 4283 717 4352 ll
733 4289 764 4336 21
778 4285 895 4345 abtinsis
914 4285 984 4349 (ante
1002 4303 1070 4338 corr.
1089 4289 1133 4352 qui
1149 4289 1217 4336 delet
1229 4289 1305 4350 prius
1320 4285 1344 4348 s)
1365 4287 1396 4351 G,
1417 4287 1527 4337 abtiniis

390 4376 419 4424 H
437 4373 559 4437 (abtrnus
576 4373 608 4428 L,
628 4372 750 4421 abtinias
767 4370 812 4434 lc).
836 4368 848 4436 ΙΙ
870 4373 902 4420 22
921 4373 1090 4423 advenentes
1108 4373 1145 4422 H.
1168 4368 1180 4437 ll
1201 4373 1234 4420 24
1252 4372 1384 4421 orientem
1396 4365 1448 4421 lad
1471 4387 1527 4423 eum

391 4459 464 4508 enim
481 4473 542 4523 eye:
561 4457 694 4507 orientem
714 4473 775 4507 eum
795 4459 866 4506 enim
886 4455 1167 4520 (orientemculeni
1186 4454 1218 4520 G)
1242 4457 1300 4507 GH.
1323 4451 1336 4521 ss
1358 4459 1392 4506 26
1418 4457 1462 4507 his
1489 4472 1530 4507 so·

388 4543 469 4593 litum
495 4543 567 4592 Mar.
597 4541 632 4606 (et
659 4542 744 4606 epit.):
775 4558 842 4607 opus
869 4542 980 4592 solitum
1003 4543 1062 4593 GH.
1090 4538 1103 4607 ll
1131 4541 1167 4591 ad
1189 4541 1404 4605 septentrionem
1431 4543 1461 4591 H
1486 4539 1527 4605 (L,

390 4625 639 4692 deseptentrionern
656 4644 679 4688 c,
698 4629 764 4678 —ne
781 4623 814 4693 tl:
839 4628 874 4677 sd
887 4627 1131 4694 septentrionalem
1152 4627 1180 4676 G.
1209 4623 1222 4693 ll
1242 4628 1275 4676 27
1298 4626 1375 4692 regio
1398 4627 1428 4676 H
1445 4623 1528 4692 (Ηώς
1587 4616 1592 4631 ’

388 4714 500 4778 regione
520 4714 549 4767 G.
