3784 5625
383 645 442 709 136
870 658 1028 704 vrrnuvu

377 816 528 894 trionum,
553 816 622 877 sine
645 812 849 876 dubitatione
869 810 1167 875 animadvertemus
1190 833 1232 874 ex
1252 833 1290 875 eo
1306 833 1378 875 esse
1394 812 1523 877 schema

378 916 513 999 trigonii
540 913 676 994 mundo,
705 914 754 977 uti
782 913 896 997 organi
924 934 1021 997 quam
1043 915 1221 996 σαμβυκην
1248 911 1366 976 Graeci
1398 914 1522 977 dicunt.

377 1018 488 1102 itaque
511 1015 597 1100 quod
620 1024 668 1078 est
692 1015 832 1101 spatium
854 1014 1040 1099 proximum
1062 1015 1127 1078 imo
1150 1014 1277 1077 cardini
1291 1014 1333 1077 ab
1348 1016 1421 1078 axis
1437 1013 1555 1078 lineat

378 1119 412 1180 in
434 1115 625 1180 meridianis
648 1115 778 1197 finibus,
802 1116 863 1179 sub
887 1138 924 1179 eo
946 1114 1016 1179 loco
1040 1124 1213 1201 quaesunt
1229 1117 1375 1179 nationes
1392 1127 1523 1204 propter

344 1234 359 1281 5
378 1217 572 1283 brevitatem
594 1216 778 1281 altitudinis
807 1217 850 1280 ad
871 1216 1029 1281 mundum
1052 1219 1193 1282 sonitum
1215 1218 1306 1280 vocis
1330 1218 1456 1283 faciunt
1476 1228 1522 1282 te-

378 1343 473 1384 nuem
497 1330 529 1383 et
550 1320 787 1401 acutissimum,
812 1320 859 1382 uti
882 1321 1053 1404 inorgano
1069 1318 1190 1382 chorda
1213 1340 1294 1404 quae
1310 1329 1359 1383 est
1375 1322 1523 1406 proxima

378 1421 507 1506 angulo.
545 1420 723 1486 secundum
747 1443 816 1483 eam
839 1431 948 1485 autem
970 1419 1114 1506 reliquae
1136 1420 1178 1483 ad
1194 1418 1334 1483 mediam
1350 1420 1522 1485 Graeciam

377 1525 578 1588 remissiores
602 1522 748 1586 efficiunt
770 1524 804 1585 in
826 1522 1014 1587 nationibus
1037 1544 1189 1607 sonorum
1216 1522 1419 1606 scansiones,
1446 1525 1524 1587 item

379 1649 398 1687 a
419 1623 527 1689 medio
549 1625 583 1686 in
605 1624 752 1689 ordinem
775 1625 950 1688 crescendo
971 1623 1013 1686 ad
1030 1632 1193 1687 extremos
1210 1624 1447 1709 septentriones
1464 1625 1524 1689 sub

260 1801 264 1806 .
330 1742 361 1788 10
379 1725 568 1790 altitudines
597 1724 679 1788 caeli
707 1727 876 1789 nationum
904 1726 1040 1811 spiritus
1074 1724 1235 1788 sonitibus
1269 1725 1476 1809 gravioribus
1505 1750 1524 1790 a

379 1837 495 1891 natura
511 1849 619 1890 rerum
635 1828 870 1914 exprimuntur.
908 1828 955 1890 ita
976 1826 1108 1889 videtur
1130 1827 1244 1890 mundi
1266 1829 1435 1915 conceptio
1457 1838 1525 1893 tota

380 1939 513 2015 propter
535 1928 778 1992 inclinationem
801 1929 1092 1993 consonantissime
1107 1926 1257 2014 persolis
1272 1938 1523 2015 temperaturam

380 2030 422 2093 ad
437 2029 639 2093 harmoniam
656 2052 726 2093 esse
742 2032 929 2117 composita.
968 2031 1069 2113 igitur
1085 2052 1167 2115 quae
1182 2031 1330 2094 nationes
1342 2042 1426 2096 -sunt
1441 2033 1525 2096 inter
1542 2050 1554 2096 1

380 2134 452 2195 axis
475 2132 648 2195 meridiani
671 2132 836 2196 cardinem
858 2154 896 2193 ac
916 2132 1180 2217 septentrionalis
1194 2132 1303 2195 medio
1318 2134 1455 2219 positae,
1477 2135 1525 2197 uti

331 2248 362 2295 15
380 2236 415 2296 in
443 2234 678 2319 diagrammate
710 2236 833 2297 musico
867 2235 1038 2297 medianae
1064 2234 1155 2297 vocis
1184 2233 1306 2297 habent
1327 2236 1470 2299 sonitum
1491 2237 1525 2298 in

380 2357 538 2418 sermone,
561 2357 708 2422 quaeque
730 2336 1017 2422 progredientibus
1040 2334 1082 2397 ad
1105 2338 1358 2420 septentrionem
1380 2346 1456 2400 sunt
1472 2358 1523 2399 na·

380 2439 502 2519 tiones,
527 2438 615 2523 quod
637 2436 767 2501 altiores
790 2437 911 2501 habent
934 2437 1106 2500 distantias
1129 2436 1367 2519 admondum,
1390 2439 1523 2525 spiritus

380 2539 470 2602 vocis
499 2538 658 2603 habentes
685 2562 796 2604 umore
823 2538 971 2626 repulsos
998 2537 1041 2601 ad
1068 2537 1206 2625 hypatas
1230 2548 1262 2601 et
1284 2538 1523 2625 proslambano-

381 2662 508 2721 menon,
532 2663 551 2702 a
572 2651 689 2704 natura
710 2663 818 2705 rerum
841 2642 950 2704 sonitu
972 2642 1123 2724 graviore
1145 2650 1305 2724 coguntur
1319 2642 1378 2704 uti.
1413 2640 1524 2705 eadem

331 2755 364 2801 ao
382 2741 546 2805 rationee
569 2741 676 2805 medio
707 2742 994 2829 progredientibus
1022 2740 1065 2803 ad
1092 2741 1263 2805 meridiem
1290 2752 1405 2828 gentes
1433 2765 1522 2830 para·

382 2851 530 2903 netarum
553 2853 765 2929 netarumque
787 2846 1008 2908 acutissimam
1031 2844 1155 2908 sonitus
1171 2845 1262 2910 vocis
1284 2845 1458 2932 perficiunt
1479 2855 1521 2909 te-

382 2943 551 3006 nuitatem.
596 2946 658 3009 hoe
678 2953 788 3008 autem
810 2967 925 3008 verum
948 2968 1034 3029 esse,
1065 2967 1108 3009 ex
1134 2946 1255 3010 umidis
1283 2957 1420 3010 naturae
1446 2945 1549 3012 locist

382 3045 535 3128 graviora
562 3045 633 3111 fieri
662 3056 692 3110 et
721 3068 763 3110 ex
788 3047 928 3111 fervidis
955 3049 1114 3129 acutiora,
1148 3046 1225 3111 licet
1252 3048 1299 3111 ita
1326 3046 1521 3133 experiendo

368 3178 612 3211 ,μὴ

451 3254 465 3300 1
484 3267 577 3303 scema
594 3254 644 3303 EG
662 3251 702 3318 (1),
722 3269 833 3305 scaema
851 3255 893 3302 H0
911 3251 973 3320 (L):
997 3268 1101 3304 scaena
1123 3260 1182 3304 ante
1204 3270 1271 3304 corr.
1293 3255 1321 3303 H
1345 3251 1427 3317 (item,
1449 3271 1521 3320 proe-

382 3337 456 3387 misso
479 3340 522 3387 est
541 3354 591 3400 pro
613 3354 687 3402 esse,
707 3354 791 3390 scena
812 3355 840 3398 c,
867 3354 952 3406 scena
971 3337 1008 3403 Ιι).
1032 3335 1044 3405 Ι)
1066 3342 1081 3388 2
1100 3339 1229 3404 trigoniiz
1251 3341 1289 3389 sic
1308 3338 1396 3393 ΕΘΗ.
1418 3337 1434 3407 ss
1456 3355 1521 3390 sam·

383 3421 472 3469 bucen
500 3421 551 3470 ΘΗ
581 3423 639 3484 (Ll,
671 3425 801 3474 sambuce
828 3424 883 3487 eb),
916 3423 1039 3474 sambule
1068 3424 1099 3478 E.
1128 3419 1141 3490 ))
1166 3427 1182 3474 3
1215 3423 1323 3474 cardini
1350 3424 1387 3472 L:
1415 3425 1521 3474 cardine

384 3503 464 3553 ΕΘΗ
481 3503 521 3567 (10,
541 3507 669 3556 cardines
687 3509 717 3557 cb
735 3513 836 3557 etanta
854 3523 922 3558 corr.
940 3509 968 3569 1).
990 3505 1003 3573 Ι)
1025 3511 1040 3558 7
1064 3513 1166 3558 autem:
1190 3525 1268 3558 axem
1289 3509 1313 3557 Ε
1331 3509 1392 3571 (non
1411 3509 1454 3574 Θ).
1476 3505 1521 3574 118

384 3589 546 3662 scansiones
568 3592 639 3644 doe:
668 3593 839 3642 concisiones
861 3593 898 3651 Ε,
922 3593 1066 3642 cessiones
1091 3593 1124 3654 Θ,
1150 3594 1297 3644 cansiones
1319 3595 1348 3642 H
1370 3592 1521 3657 (cantiones

384 3673 449 3722 Lleb
467 3671 545 3739 [vaJ.
569 3672 582 3742 Η
606 3679 637 3726 10
656 3674 833 3727 altitudines:
859 3679 896 3726 sio
918 3678 1005 3727 EGH.
1029 3673 1042 3742 ll
1065 3677 1202 3727 sonitibus
1222 3680 1279 3728 Joe.
1303 3676 1394 3740 (ree.):
1422 3680 1521 3729 sonitus

384 3756 463 3806 ΕΘΗ
494 3754 558 3824 ssa:
576 3762 614 3809 sic
631 3761 717 3811 ΕΘΗ.
741 3755 753 3826 ))
777 3763 810 3811 14
827 3759 1062 3823 cardineE(non
1082 3762 1122 3824 Θ).
1146 3759 1159 3828 [l
1183 3778 1216 3812 ac
1230 3763 1295 3812 Fea:
1315 3763 1351 3812 ab
1370 3763 1450 3812 ΕΘΗ
1468 3762 1520 3826 (Le,
1602 3818 1605 3824 .

385 3842 420 3891 ad
438 3841 467 3906 1).
490 3839 502 3908 Ι)
525 3845 557 3893 15
574 3844 603 3893 in
622 3845 821 3910 diagrammate
844 3847 896 3896 11⁶:
919 3845 995 3894 india
1014 3851 1166 3911 grammate
1191 3844 1324 3912 (gramsta
1348 3847 1387 3907 Ε,
1406 3851 1521 3914 gramsta

383 3925 419 3988 L)
433 3927 482 3977 ΕΘ
495 3926 549 3992 (L),
570 3929 646 3980 india
665 3934 819 3996 grammata
838 3927 991 3994 (grilmata
1012 3930 1053 3992 H)
1073 3931 1102 3979 H
1121 3927 1204 3998 (11).)
1226 3933 1257 3981 16
1270 3932 1520 3996 progredientibus:

383 4013 421 4061 sic
448 4012 527 4061 ΕΘΗ
549 4011 617 4075 (item
638 4031 663 4064 v.
685 4013 740 4077 20).
769 4012 780 4079 Ι)
809 4017 839 4064 17
859 4015 931 4078 quod
956 4015 1018 4064 GH:
1047 4030 1119 4078 quae
1142 4016 1176 4066 Ε,
1203 4012 1215 4080 Ι)
1243 4015 1278 4064 ad
1301 4016 1404 4067 mundis
1427 4018 1465 4066 L:
1492 4013 1522 4065 ad

384 4097 478 4146 mundi
499 4096 578 4146 ΕΘΗ
596 4096 650 4161 (le).
676 4094 688 4163 Ι)
717 4101 748 4148 18
770 4098 890 4150 habente
912 4108 972 4149 ante
994 4115 1062 4151 corr.
1083 4100 1112 4150 Θ,
1136 4096 1148 4166 ll
1175 4100 1287 4150 humore
1310 4100 1361 4154 L0:
1389 4100 1522 4150 humorem

384 4181 415 4229 H
432 4181 493 4243 (cle),
512 4184 574 4230 —re
593 4183 617 4231 Ε
636 4179 656 4244 (t
673 4189 699 4231 et
716 4189 775 4231 ante
793 4199 861 4233 corr.
880 4182 929 4248 L),
948 4188 1041 4234 umore
1060 4185 1088 4234 Θ.
1112 4180 1124 4250 ΙΙ
1147 4183 1266 4248 hypatas
1284 4184 1313 4232 H
1332 4181 1417 4247 (aab
1442 4185 1522 4250 hypa-

384 4268 426 4314 tos
446 4264 575 4328 (hybatos
593 4265 628 4330 Ε)
648 4267 704 4320 ΕΘ,
727 4263 740 4333 ss
763 4268 1056 4331 proslambanomenon
1073 4269 1152 4317 Plu't:
1171 4283 1234 4332 pros
1246 4269 1473 4320 lambanomenos
1489 4268 1522 4326 H,

384 4364 448 4413 pros
474 4349 604 4399 lambano
631 4366 725 4401 menos
752 4352 801 4402 ΕΘ
830 4351 879 4418 (le,
907 4352 1231 4433 proslambanomenos
1255 4351 1300 4416 L).
1329 4351 1342 4420 ss
1370 4355 1402 4404 19
1426 4367 1523 4420 cogun-
1567 4382 1573 4391 ,

387 4454 446 4500 tur.
460 4451 507 4499 uti'
527 4453 621 4516 interp.
650 4452 712 4504 E0G
736 4451 820 4517 (hle),
848 4459 984 4520 coguntur
1010 4454 1050 4502 uti
1077 4453 1174 4503 eadem
1259 4457 1315 4505 sine
1337 4458 1433 4520 interp.
1457 4448 1522 4523 Η.)Ι

385 4537 418 4584 20
437 4535 560 4586 emedio
578 4537 646 4586 Fea:
664 4537 753 4588 medio
773 4539 851 4589 ΕΘΗ
868 4537 920 4602 (LI,
939 4539 1058 4588 medium
1070 4539 1108 4598 cb,
1126 4537 1216 4589 medn'r
1234 4539 1275 4603 ze),
1297 4537 1310 4606 l}
1333 4535 1524 4604 paranebirnm

386 4624 565 4683 netarumque
583 4621 650 4672 Fea:
673 4626 866 4686 paranetarum
885 4638 937 4687 que
957 4623 1034 4685 (—r1'1
1054 4639 1125 4688 quae
1144 4621 1180 4688 Ε)
1203 4622 1289 4676 ΕΘΗ.
1312 4619 1326 4692 Ι)
1348 4626 1381 4674 21
1394 4623 1523 4674 sonitus:

385 4703 423 4752 sic
442 4703 526 4754 ΕΘΗ.
