3784 5625
378 634 420 699 82
867 647 1027 695 vrrauvrr

377 805 426 868 uti
452 804 542 868 frons
571 823 709 882 coronae
735 801 778 863 ab
805 803 961 864 extremis
988 801 1140 885 cymatiis
1172 810 1241 864 tota
1274 800 1464 865 dimetiatur
1489 801 1525 864 in

379 915 486 992 partes
515 926 633 967 novem
660 913 692 967 et
720 924 762 965 ex
790 904 837 965 eis
863 924 930 965 una
957 924 1031 987 pars
1062 902 1097 965 in
1119 901 1226 965 medio
1248 904 1417 965 cacumine
1438 912 1524 989 tym-

379 1008 455 1092 pani
483 1007 715 1087 constituatur,
743 1004 821 1069 dum
843 1014 957 1068 contra
978 1002 1132 1090 epistylia
1154 1003 1442 1089 columnarumque
1463 1004 1524 1089 hy-

378 1106 577 1194 potrachelia
598 1107 642 1169 ad
663 1104 932 1192 perpendiculum
954 1105 1158 1191 respondeat.
1202 1128 1404 1191 coronaeque
1427 1128 1526 1192 supra

344 1208 557 1295 eaequaliter
578 1210 652 1271 imis
675 1218 804 1293 praeter
825 1208 923 1270 simas
945 1216 1022 1269 sunt
1043 1205 1270 1271 conlocandae.
1318 1209 1452 1293 insuper
1473 1230 1524 1270 eo-

377 1334 474 1377 ronas
497 1311 616 1392 simae,
640 1332 718 1396 quas
742 1308 863 1373 Graeci
886 1308 1077 1383 επαιετιδας
1098 1308 1227 1391 dicunt,
1256 1307 1428 1372 faciendae
1450 1317 1526 1372 sunt

377 1413 510 1478 altiores
534 1420 650 1476 octava
671 1421 763 1497 parte
786 1432 977 1475 coronarum
994 1408 1199 1473 altitudinis.
1243 1412 1403 1474 acroteria
1424 1432 1526 1494 angu-

360 1514 460 1578 -laria
482 1525 547 1578 tam
569 1511 636 1575 alta
658 1523 814 1599 quantum
838 1521 886 1575 est
908 1522 1100 1599 tympanum
1121 1511 1282 1593 medium,
1305 1511 1459 1576 mediana
1479 1511 1525 1574 al·

379 1618 462 1681 tiora
484 1625 599 1679 octava
621 1624 714 1700 parte
736 1636 833 1700 quam
854 1612 1034 1698 angularia.

286 1719 289 1722 ’
331 1731 362 1778 10
464 1716 613 1781 Membra
642 1718 749 1780 omnia
781 1738 864 1801 quae
892 1737 991 1802 supra
1025 1713 1169 1801 capitula
1201 1712 1424 1778 columnarum
1450 1725 1527 1779 sunt
1546 1732 1574 1778 13

380 1820 490 1883 futura
522 1819 558 1882 id
592 1829 641 1882 est
674 1816 827 1904 epistylia
856 1816 1019 1903 zophoroe
1047 1839 1184 1881 coronae
1211 1826 1367 1903 tympana
1393 1816 1527 1902 fastigia

380 1921 541 1985 acroteria
568 1918 756 1983 inclinanda
778 1929 854 1983 sunt
876 1921 911 1982 in
932 1918 1040 1983 fronte
1062 1941 1141 1981 suae
1163 1919 1319 2004 cuiusque
1340 1918 1527 1982 altitudinis

380 2031 472 2108 parte
504 2040 573 2102 ΧΠ,
607 2021 682 2084 ideo
716 2022 801 2106 quod
835 2042 910 2083 cum
942 2021 1129 2084 steterimus
1162 2030 1275 2084 contra
1309 2020 1451 2101 frontes,
1484 2019 1526 2083 ab

381 2123 473 2189 oculo
501 2123 607 2186 lineae
629 2122 714 2186 duae
741 2124 770 2186 si
798 2131 953 2186 extensae
975 2121 1098 2185 fuerint
1119 2131 1152 2186 et
1173 2144 1238 2185 una
1259 2122 1407 2206 tetigerit
1428 2122 1526 2183 imam

331 2236 363 2285 15
376 2227 487 2312 operis
502 2235 643 2312 partem,
659 2224 761 2287 altera
776 2246 951 2307 summam,
968 2245 1052 2308 quae
1066 2246 1225 2287 summam
1239 2224 1385 2308 tetigerit
1400 2222 1528 2307 longior

380 2328 446 2391 fiet.
490 2328 537 2391 ita
564 2350 627 2412 quo
656 2325 783 2410 longior
804 2327 895 2389 visus
918 2325 1006 2388 linea
1027 2326 1283 2413 insuperiorem
1304 2335 1432 2412 partem
1454 2346 1525 2410 pro·

381 2429 486 2512 cedit,
508 2431 729 2516 resupinatam
743 2426 823 2491 facit
839 2428 908 2491 eius
923 2428 1076 2513 speciem.
1120 2448 1193 2490 cum
1216 2438 1335 2510 autem,
1358 2428 1408 2490 uti
1429 2447 1528 2511 supra

380 2532 538 2617 scriptum
570 2541 635 2612 est,
669 2531 704 2592 in
736 2530 843 2593 fronte
877 2527 1034 2592 inclinata
1060 2528 1200 2610 fuerint,
1227 2539 1306 2592 tunc
1319 2530 1367 2593 'in
1393 2538 1528 2614 aspectu

381 2632 582 2695 videbuntur
609 2652 679 2693 esse
697 2631 740 2693 ad
762 2629 1031 2717 perpendiculum
1053 2641 1086 2693 et
1106 2652 1261 2694 normam.
1306 2629 1527 2694 columnarum
1545 2647 1575 2693 11

330 2744 364 2792 20
382 2734 481 2795 striae
501 2732 669 2794 faciendae
691 2742 766 2796 sunt
787 2749 893 2795 xxrlrl
919 2733 966 2794 ita
992 2742 1170 2796 excavatae
1183 2734 1233 2796 uti
1254 2754 1367 2795 norma
1389 2732 1425 2794 in
1446 2752 1527 2795 cavo

382 2836 482 2898 striae
515 2819 588 2896 cum
617 2833 716 2896 fuerit
744 2835 906 2916 coniecta,
940 2834 1137 2898 circumacta
1167 2834 1347 2899 anconibus
1375 2835 1527 2898 striarum

383 2936 500 2998 dextra
521 2956 560 2998 ao
582 2935 715 2998 sinistra
735 2935 872 3019 angulos
895 2944 1010 3020 tangat
1031 2958 1231 3022 acumcnque
1252 2957 1384 3000 normae
1406 2936 1527 2999 circum

380 3034 643 3101 rotundationem
656 3036 820 3122 tangendo
835 3038 1009 3122 pervagari
1023 3037 1136 3124 possit.
1180 3037 1411 3102 crassitudines
1433 3039 1526 3100 stria·

382 3161 455 3201 rum
481 3138 650 3202 faciendae
677 3148 753 3202 sunt
781 3149 937 3224 quantum
963 3138 1106 3204 adiectio
1129 3142 1163 3202 in
1184 3140 1293 3202 media
1315 3138 1464 3203 columna
1486 3161 1528 3201 ex

332 3257 366 3303 aa
384 3240 603 3327 descriptione
618 3241 812 3304 invenietur.
857 3241 892 3302 in
914 3240 1004 3302 simis
1028 3262 1111 3324 quae
1132 3261 1230 3326 supra
1252 3263 1403 3305 coronam
1425 3242 1460 3303 in
1482 3240 1525 3303 la·
1546 3259 1575 3306 15

381 3343 506 3406 teribus
529 3352 606 3406 sunt
626 3342 771 3424 aedium,
796 3342 905 3427 capita
926 3341 1056 3405 leonina
1071 3353 1146 3406 sunt
1162 3342 1347 3430 scalpenda,
1370 3343 1528 3429 disposita
1580 3402 1585 3406 .

452 3581 618 3647 3epiatylia
639 3582 711 3631 doc:
739 3581 857 3647 epistilii
881 3583 903 3632 G
925 3581 986 3646 (L),
1003 3583 1134 3648 „epyatilii
1152 3584 1181 3633 H
1197 3584 1255 3651 (le).
1283 3581 1296 3651 ΙΙ
1322 3587 1340 3634 4
1362 3584 1527 3651 respondeat

384 3666 465 3715 Part:
483 3666 602 3715 —deant
622 3666 680 3721 GH,
704 3664 715 3733 ΙΙ
738 3669 754 3716 6
772 3660 940 3725 &cateridem
958 3668 1094 3718 Bottieaer
1111 3666 1250 3732 (Tektonik
1268 3669 1292 3728 1,
1310 3669 1388 3733 ml:
1408 3668 1527 3734 epitidas

386 3750 440 3799 GH
457 3749 499 3812 (L,
518 3749 644 3814 ep‘ytidas
661 3749 704 3813 Ic).
720 3747 732 3818 ΙΙ
750 3753 780 3800 11
800 3751 935 3817 zophoroe
954 3769 1001 3817 epo
1020 3752 1067 3818 (es.
1082 3771 1112 3818 p.
1125 3757 1167 3811 84,
1188 3757 1230 3811 13,
1249 3754 1362 3818 zephori
1379 3753 1463 3817 Joe.):
1483 3770 1526 3803 ao-

384 3833 471 3897 phora
495 3835 555 3885 GH.
579 3830 591 3899 ΙΙ
619 3850 737 3885 coronae
761 3839 894 3901 tympana
919 3837 989 3890 doe:
1021 3853 1123 3887 corona
1141 3837 1163 3887 dr
1181 3836 1349 3902 ty(i)mpana
1367 3839 1428 3888 GH.
1456 3834 1469 3904 ΙΙ
1497 3839 1526 3886 12

384 3918 476 3966 fronte
494 3919 566 3968 Mar.
586 3916 633 3981 (cs.
651 3938 673 3972 a.
694 3919 750 3983 18):
769 3920 874 3970 frontes
893 3929 952 3970 artie
970 3938 1022 3972 raa.
1042 3923 1076 3981 G,
1096 3923 1194 3974 frontis
1218 3922 1247 3971 H
1265 3922 1381 3987 (achre).
1418 3930 1526 3972 retemta

384 4018 476 4070 fronte
495 4034 546 4069 sua
569 4021 652 4080 Mar„
676 4021 766 4071 fronte
795 4036 862 4070 snae
886 4022 951 4073 Lar.
978 4020 991 4090 ss
1019 4025 1050 4074 13
1072 4025 1259 4087 partes,XH
1280 4025 1314 4078 1..
1335 4020 1350 4090 Η
1378 4012 1438 4074 cbm
1456 4025 1492 4078 H.
1512 4020 1524 4087 ll

385 4103 512 4152 eterimua
531 4111 590 4154 ante
608 4119 677 4155 corr.
698 4105 727 4156 G.
745 4101 763 4170 11
786 4106 819 4154 15
837 4104 926 4156 attera
943 4114 1003 4156 ante
1019 4123 1072 4156 rac.
1085 4108 1123 4157 H.
1146 4102 1158 4173 ΙΙ
1182 4108 1214 4157 16
1226 4107 1351 4173 procedit
1362 4109 1392 4157 H
1404 4105 1523 4172 (oraret

384 4188 515 4250 procedet
537 4195 595 4238 ante
614 4204 682 4241 corr.
706 4188 735 4240 G.
762 4184 776 4255 ΙΙ
805 4191 835 4238 17
858 4190 1045 4256 resupinatam
1070 4191 1121 4240 GH
1143 4188 1225 4257 (Ll⁶):
1257 4193 1445 4258 resopinatam
1467 4199 1524 4241 ante

384 4282 454 4325 corr.
472 4271 501 4319 H
519 4271 544 4334 (c
561 4279 587 4322 et
603 4279 662 4323 ante
674 4289 742 4325 corr.
756 4274 774 4332 l,
792 4289 836 4323 res
849 4275 990 4338 opinatam
1007 4273 1043 4337 11),
1061 4272 1073 4340 ΙΙ
1091 4278 1122 4326 18
1134 4276 1239 4326 fuerint
1250 4278 1321 4328 Joc:
1340 4277 1427 4327 fuerit
1440 4277 1497 4330 GH.
1510 4273 1522 4340 ll

385 4353 417 4401 21
437 4355 588 4405 anconibus
609 4357 659 4407 GH
678 4355 721 4420 (L,
740 4358 892 4408 acconibus
909 4356 952 4422 lc).
976 4355 988 4424 Η
1010 4360 1043 4407 ‘22
1061 4356 1175 4409 sinistra
1193 4358 1213 4425 (Ι
1227 4360 1258 4426 G)
1272 4365 1373 4427 tangat
1386 4360 1462 4426 aaut}
1476 4359 1526 4422 H)-

385 4451 447 4486 men
467 4440 518 4489 GH
536 4436 665 4506 (angulos
683 4443 742 4492 add.
760 4441 840 4506 loc).
863 4439 876 4508 {l
899 4457 1015 4492 acumen
1033 4458 1104 4508 quae
1124 4444 1233 4510 (qued)
1254 4446 1305 4495 GH
1323 4447 1394 4509 (inde
1411 4460 1437 4495 a.
1456 4458 1525 4508 quae

385 4534 479 4570 norma
502 4522 547 4586 L).
572 4520 584 4589 ll
611 4526 644 4574 23
666 4524 859 4576 rotundatione
881 4527 918 4578 L:
942 4527 1004 4589 r·o(u
1014 4527 1216 4590 H)tnndatione
1236 4530 1287 4578 GH
1305 4529 1359 4596 (lc).
1384 4526 1396 4596 ΙΙ
1427 4522 1526 4579 craesi·

384 4605 494 4654 tudines
514 4606 536 4655 G
554 4605 638 4671 (Lac),
657 4610 735 4658 -nie
753 4611 781 4658 H
799 4609 833 4672 (tc
849 4618 875 4659 et
893 4619 953 4660 aare
970 4627 1039 4661 corr.
1058 4610 1093 4674 t).
1118 4609 1129 4679 ΙΙ
1156 4613 1189 4663 26
1206 4611 1342 4679 disposita
1360 4614 1402 4662 ita
1420 4614 1463 4664 uti
1479 4626 1524 4677 eqo

388 4685 431 4735 ita
449 4689 541 4751 posita
559 4690 599 4738 uti
616 4690 714 4758 vulpo):
733 4693 869 4758 disposita
888 4694 930 4742 uti
951 4694 1012 4744 GH.
