3784 5625
381 664 442 728 172
528 691 536 710 ·
867 677 1024 726 vrruuvn

336 846 360 894 V
464 831 589 898 Ceteris
612 829 820 896 conclavibus
843 830 879 894 id
901 840 950 895 est
973 832 1082 894 vernis
1104 831 1346 897 autumnalibus
1369 834 1514 916 aestivis,
1533 849 1545 894 1

379 935 476 997 etiam
502 934 595 998 atriis
624 942 656 996 et
688 932 868 1019 peristyliis
900 935 1096 997 constitutae
1127 943 1203 997 sunt
1234 934 1277 999 ab
1303 936 1450 1021 antiquis
1477 958 1515 999 ex

379 1038 475 1100 certis
508 1037 605 1099 rebus
640 1043 747 1097 certae
780 1035 921 1099 rationes
955 1036 1164 1122 picturarum.
1219 1058 1360 1122 namque
1393 1038 1517 1124 pictura

378 1137 485 1222 imago
507 1138 544 1201 fit
567 1139 636 1201 eius
660 1134 745 1222 quod
775 1144 822 1199 est
844 1159 902 1201 seu
924 1145 1032 1222 potest
1055 1158 1142 1218 esse,
1170 1138 1219 1201 uti
1241 1137 1383 1202 hominis
1406 1139 1515 1203 aedifi·

344 1240 421 1304 bcii
448 1239 542 1303 navis
570 1238 832 1324 reliquarumque
859 1260 983 1321 rerum,
1019 1260 1036 1301 e
1063 1259 1199 1323 quarum
1225 1237 1327 1303 finitis
1356 1242 1516 1326 certisque

378 1340 567 1426 corporibus
594 1340 734 1424 figurata
763 1339 977 1403 similitudine
1005 1349 1177 1404 sumuntur
1204 1339 1365 1427 exempla.
1417 1362 1460 1405 ex
1481 1363 1516 1407 ec

378 1442 505 1528 antiqui
533 1443 589 1526 qui
621 1442 717 1505 initia
749 1440 1003 1527 expolitionibus
1036 1441 1247 1505 instituerunt
1284 1442 1406 1506 imitati
1444 1452 1516 1507 sunt

378 1545 519 1629 primum
541 1552 721 1606 crustarum
743 1564 994 1606 marmorearum
1015 1544 1190 1607 varietates
1213 1551 1245 1607 et
1268 1542 1515 1627 conlocutiones,

379 1643 498 1710 deinde
526 1665 717 1708 coronarum
744 1653 776 1708 ct
808 1642 1000 1708 silaeeorum
1028 1666 1202 1708 cuneorum
1234 1645 1319 1708 inter
1346 1666 1383 1709 se
1410 1647 1515 1710 varias

333 1757 362 1805 10
380 1745 639 1810 distributiones.
689 1755 801 1830 postea
821 1746 972 1830 ingressi
999 1755 1074 1810 sunt
1100 1755 1137 1809 ut
1169 1747 1268 1809 etiam
1295 1745 1545 1813 aedificioruma

378 1848 516 1933 figuras,
550 1845 771 1911 columnarum
806 1857 837 1911 et
869 1848 1076 1932 fastigiorum
1109 1849 1286 1911 eminentes
1319 1850 1516 1934 proiecturas

380 1951 599 2029 imitarentur,
623 1947 811 2034 patentibus
831 1958 938 2012 autem
961 1947 1041 2012 locis
1061 1950 1110 2014 uti
1139 1948 1268 2013 exedris
1297 1959 1433 2036 propter
1453 1972 1516 2014 am-

379 2051 556 2138 plitudines
572 2051 731 2137 parietum
744 2071 934 2114 scaenarum
949 2049 1071 2114 frontes
1086 2052 1212 2135 tragico
1223 2072 1313 2114 more
1324 2058 1383 2115 aut
1398 2054 1525 2117 comico

380 2176 437 2218 seu
464 2154 606 2239 satyrico
629 2152 861 2238 designarent,
890 2151 1125 2216 ambulationes
1148 2173 1226 2216 vero
1253 2162 1390 2243 propter
1417 2155 1518 2241 spatia

330 2266 360 2315 15
380 2255 595 2338 longitudinis
612 2253 826 2318 varietatibus
849 2254 1011 2339 topiorum
1027 2262 1177 2317 ornarent
1198 2252 1241 2315 ab
1256 2256 1354 2319 certis
1376 2253 1517 2320 locorum

378 2355 634 2444 proprietatibus
657 2356 814 2439 imagines
831 2357 1061 2441 exprimentes.
1104 2356 1284 2441 pinguntur
1299 2356 1387 2419 enim
1408 2366 1527 2443 portus,

379 2458 601 2545 promuntorio
635 2455 731 2520 litora
763 2455 896 2522 flumina
924 2456 1031 2521 fontes
1059 2457 1164 2543 euripi
1197 2456 1273 2519 fana
1300 2455 1367 2521 luci
1394 2467 1516 2524 montes

379 2582 496 2646 pecora
523 2569 687 2645 pastores,
715 2557 879 2623 nonnullis
907 2557 986 2622 locis
1014 2560 1092 2622 item
1121 2559 1292 2641 signantur
1318 2559 1516 2644 megalogra-

379 2662 475 2748 phiae
502 2660 658 2725 habentes
686 2658 819 2724 deorum
842 2658 1013 2723 simulacra
1045 2682 1102 2724 seu
1129 2659 1313 2724 fabularum
1343 2660 1516 2748 dispositas

329 2748 362 2822 ab
381 2753 631 2848 explicationes,
661 2783 726 2826 non
748 2762 855 2827 minus
878 2761 1037 2827 Troianas
1065 2783 1191 2849 pugnas
1219 2782 1277 2826 seu
1299 2760 1412 2828 Ulixis
1436 2784 1515 2828 erra-

379 2867 484 2930 tiones
507 2886 566 2951 per
586 2863 686 2949 topia,
711 2873 880 2949 ceteraque
902 2886 985 2950 quae
1007 2873 1083 2928 sunt
1103 2885 1216 2945 ,eorum
1238 2863 1399 2930 similibus
1422 2865 1516 2930 ratio·

380 2968 477 3030 nibus
500 2965 541 3028 ab
568 2986 677 3029 rerum
699 2973 814 3028 natura
844 2975 1024 3051 procreata.
1064 2965 1126 3049 sed
1155 2967 1236 3030 haee
1263 2976 1346 3052 quae
1369 2988 1412 3032 ex
1434 2967 1542 3032 veriss

447 3121 624 3186 iperistylis
642 3121 671 3172 H
688 3120 737 3183 (cd,
757 3121 897 3184 perystilis
915 3127 974 3170 ante
991 3137 1060 3171 corr.
1078 3123 1110 3180 L,
1129 3119 1281 3191 perystiliis
1300 3123 1348 3182 L0,
1368 3122 1516 3187 peristyliis

379 3207 428 3269 dv),
446 3205 579 3271 peristilis
593 3207 622 3256 G.
639 3202 651 3271 ΙΙ
669 3221 703 3254 ex
722 3206 806 3254 certis
823 3206 893 3257 dec:
914 3210 941 3254 et
960 3206 1044 3255 certis
1063 3206 1113 3255 GH
1130 3205 1197 3267 (ch
1214 3212 1240 3255 et
1256 3210 1285 3265 10,
1304 3204 1327 3256 dr
1345 3207 1446 3256 ceteris
1461 3213 1515 3256 ante

380 3307 448 3343 corr.
467 3288 495 3354 ἱ).
517 3287 529 3356 (l
552 3294 567 3340 3
587 3293 660 3355 certe
679 3289 842 3339 rationesG
865 3287 937 3353 (L⁶):
963 3291 1165 3340 caeterationes
1189 3291 1217 3339 H
1238 3288 1438 3353 (ceterationes
1455 3294 1478 3341 le
1494 3297 1516 3340 et

380 3382 439 3423 ante
457 3390 525 3424 corr.
545 3372 589 3440 L).
613 3371 625 3440 (l
647 3375 664 3422 4
681 3370 857 3438 potest({e'e
878 3375 900 3423 G
918 3373 1100 3437 (cumrerum,
1118 3377 1144 3424 in
1162 3391 1212 3440 qua
1228 3376 1329 3436 videtur
1344 3375 1426 3436 fuisse
1444 3373 1484 3438 ds).
1504 3369 1513 3438 l(

380 3459 498 3509 hominis
517 3457 635 3508 aedificii
652 3460 732 3509 navis
750 3460 820 3509 Joe.=
844 3458 1114 3508 hominessedificia
1131 3456 1246 3524 (edifitia
1266 3458 1297 3521 G)
1316 3474 1404 3510 nares
1428 3460 1485 3511 GH.
1503 3453 1514 3523 (l

380 3546 395 3592 b
414 3542 501 3591 linitis
519 3543 603 3591 Man:
622 3541 694 3591 finiis
714 3542 735 3591 G
752 3542 813 3604 (sic,
833 3559 883 3593 non
899 3542 978 3606 finus,
996 3545 1044 3593 aad
1065 3545 1092 3592 in
1109 3560 1189 3610 marg.
1206 3545 1219 3593 i
1236 3543 1267 3592 ai
1283 3541 1411 3606 finibus),
1430 3543 1516 3593 finibis

380 3628 409 3678 H
426 3625 536 3688 (finibus
556 3625 624 3688 Lic).
648 3622 660 3692 l(
686 3628 880 3677 9eor0narum
909 3632 936 3676 et
962 3627 1125 3678 silaceorum
1149 3628 1423 3692 (miniaceommque)
1448 3630 1516 3679 doe:

381 3724 540 3760 coronarum
559 3710 730 3761 siliculorum
745 3712 802 3762 GH.
820 3707 832 3777 (l
848 3712 920 3775 inter
938 3713 1063 3762 sevarias
1082 3714 1111 3762 H
1123 3711 1156 3775 (c,
1168 3715 1241 3762 inter
1260 3727 1289 3762 se
1305 3713 1515 3777 vertennaco:

380 3796 483 3845 interse
502 3797 640 3846 sevarios
660 3801 689 3850 G.
712 3791 725 3862 l(
749 3798 779 3845 11
799 3795 985 3846 columnarum
1004 3801 1044 3846 st:
1062 3799 1100 3847 sic
1113 3797 1171 3848 GH.
1188 3794 1201 3863 (l
1216 3797 1390 3862 proiecturas
1405 3797 1440 3850 G:
1459 3812 1514 3863 pro·

380 3878 501 3929 lecturas
518 3882 547 3930 H
566 3878 644 3943 (Llc).
669 3877 681 3946 ΙΙ
705 3882 736 3930 12
755 3881 928 3930 imitarentur
945 3882 1014 3934 dea:
1033 3882 1174 3931 imitentur
1190 3882 1220 3929 H
1237 3879 1353 3946 (G0Lle),
1373 3880 1515 3933 iminentes

379 3972 438 4015 ante
456 3981 524 4019 corr·
545 3968 573 4019 G.
596 3961 609 4031 (l
636 3964 706 4014 locis
723 3967 765 4015 uti
789 3965 918 4015 exhedris
943 3967 994 4016 GH
1016 3964 1076 4030 (L):
1096 3965 1165 4016 locis
1179 3965 1288 4015 exedris
1300 3969 1331 4016 lc.
1357 3963 1370 4032 (l
1393 3965 1521 4032 amplitu'

379 4049 470 4101 dinem
492 4051 529 4100 stc
549 4049 606 4101 GH.
629 4046 642 4115 ΙΙ
665 4051 698 4099 14
721 4049 923 4100 ambulationes
941 4051 1026 4101 Rode:
1050 4049 1284 4101 ambulationibus
1309 4050 1367 4100 GH.
1392 4048 1405 4117 ΙΙ
1429 4053 1460 4102 15
1482 4051 1515 4100 ab

380 4135 464 4184 certis
485 4135 540 4187 ed:
572 4133 694 4184 adcertis
723 4135 773 4184 GH
797 4131 844 4198 (L,
868 4135 971 4185 acerbis
998 4133 1042 4200 lc).
1065 4131 1077 4202 l(
1106 4137 1137 4184 17
1160 4134 1350 4201 promunturia
1373 4137 1425 4187 GH
1447 4133 1517 4201 (pro-

379 4221 534 4269 muncturIa
554 4220 595 4282 Gv,
613 4221 818 4283 promunctoriis
836 4220 888 4279 Ld,
915 4221 1104 4285 promontoria
1129 4219 1171 4282 lc).
1204 4215 1216 4286 Η
1244 4220 1341 4285 eurypi
1364 4221 1424 4271 GH.
1453 4216 1466 4286 (l
1488 4221 1517 4269 18

380 4303 518 4354 nonnullis
536 4307 590 4355 ed:
614 4303 738 4355 nonnulli
757 4305 816 4358 GH.
839 4301 850 4371 Η
873 4304 948 4355 locis.
975 4307 1046 4355 Item
1066 4305 1124 4356 GH.
1147 4300 1159 4370 ΙΙ
1182 4305 1326 4370 signantur
1343 4303 1517 4370 ego,(signa-

379 4392 440 4439 rent
458 4387 591 4453 Meisterlr
610 4391 748 4456 signorum
768 4390 827 4440 GH.
851 4386 862 4456 ΙΙ
884 4389 1129 4456 megalographiae
1149 4387 1392 4453 Mulier-straena:
1412 4387 1518 4454 megalo

318 4464 328 4482 ‘
379 4473 524 4538 graphiam
541 4475 573 4524 H
592 4474 652 4540 (L),
670 4475 778 4539 melego
801 4475 943 4541 graphiarn
963 4475 985 4526 G
1004 4474 1044 4537 (lc,
1062 4476 1111 4524 sed
1129 4473 1163 4523 G0
1179 4473 1191 4521 ῑ
1209 4471 1240 4522 al
1256 4472 1381 4538 megalo,
1405 4477 1519 4538 copulam

380 4558 440 4607 add.
461 4557 553 4621 G0L0).
574 4555 586 4625 (l
610 4562 641 4611 19
659 4560 805 4611 habentes:
824 4562 862 4610 sie
881 4560 940 4610 GH.
963 4555 977 4626 [l
998 4561 1031 4610 20
1049 4558 1131 4608 ulixis
1150 4558 1172 4608 G
1189 4556 1268 4622 (Llc),
1287 4557 1386 4608 ulixsis
1405 4558 1441 4608 H.
1459 4554 1471 4624 Ι]
1486 4559 1516 4607 21
1594 4602 1597 4609 ,

380 4642 504 4706 pertopia
529 4643 580 4691 GH
599 4640 642 4706 (L,
660 4644 793 4709 percopia
810 4645 855 4709 lc).
876 4640 889 4709 (l
913 4644 1040 4695 22veris
1060 4658 1126 4694 rea:
1149 4640 1247 4695 uberis
1271 4642 1301 4691 H
1321 4639 1436 4705 (veteris
1458 4643 1519 4704 Le),

379 4724 518 4775 veteribus
538 4726 567 4776 G.
