3784 5625
387 643 447 707 180
872 658 1030 706 vrrauvn
1100 676 1104 681 -

351 828 375 875 x
473 810 645 895 Ingrediar
666 832 753 874 nunc
774 809 817 873 ad
840 831 878 873 ea
900 832 983 895 quae
1005 831 1047 875 ex
1067 809 1141 874 aliis
1164 809 1340 894 generibus
1361 813 1547 875 tractatio-1

384 935 462 977 num
484 914 713 999 temperaturis
737 921 934 976 commutata
955 913 1118 998 recipiunt
1133 910 1276 975 colorum
1296 913 1520 1000 proprietates,

385 1025 416 1079 et
447 1017 591 1100 primum
611 1036 771 1102 exponam
794 1014 835 1077 de
857 1022 1054 1094 atramento,
1083 1014 1175 1077 cuius
1204 1036 1282 1078 usus
1310 1016 1347 1078 in
1374 1013 1521 1100 operibus

383 1140 518 1202 magnas
537 1116 637 1180 habet
651 1117 874 1199 necessitates,
897 1126 934 1180 ut
957 1117 1022 1179 sint
1035 1125 1132 1180 notae
1147 1115 1422 1202 quemadmodum
1436 1137 1521 1203 prae·

241 1271 244 1284 ,
348 1228 536 1306 aparentur
565 1219 663 1282 certis
690 1217 871 1294 rationibus
900 1216 1113 1281 artificiorum
1139 1217 1182 1280 ad
1212 1216 1248 1281 id
1274 1226 1520 1304 temperaturae.

386 1342 524 1407 namque
557 1319 748 1384 aedificatur
779 1318 869 1384 locus
896 1320 945 1384 uti
977 1317 1157 1384 laconicum
1186 1327 1218 1383 et
1250 1318 1419 1406 expolitur
1444 1336 1546 1383 mar-r

382 1445 471 1487 more
500 1420 665 1487 subtiliter
693 1430 725 1485 et
753 1420 926 1507 levigatur.
975 1430 1051 1486 ante
1078 1420 1113 1484 id
1142 1420 1180 1486 fit
1206 1420 1376 1487 fornacula
1404 1420 1521 1485 babens

307 1565 311 1570 -
382 1528 416 1613 in
443 1525 624 1588 laconicum
652 1545 764 1606 nares,
798 1533 830 1587 et
858 1525 927 1588 eius
955 1522 1178 1610 praefurnium
1206 1546 1325 1609 magna
1352 1523 1520 1608 diligentia

382 1628 606 1712 comprimitur
632 1648 674 1689 ne
700 1625 830 1689 flamma
853 1634 946 1690 extra
969 1623 1157 1711 dissipetur.
1201 1627 1236 1689 in
1264 1626 1399 1690 fornace
1422 1627 1521 1689 resina

336 1745 366 1792 10
383 1727 580 1792 conlocatur.
623 1729 707 1792 hanc
727 1737 836 1792 autem
858 1727 944 1812 ignis
968 1735 1112 1812 potestas
1128 1726 1252 1792 urendo
1268 1730 1357 1813 cogit
1380 1730 1522 1791 emittere

383 1852 441 1916 per
462 1852 557 1894 nares
579 1831 666 1895 intra
687 1829 869 1893 laconicum
890 1827 1077 1914 fuliginem,
1100 1851 1184 1914 quae
1206 1830 1292 1893 circa
1313 1832 1474 1917 parietem
1493 1838 1521 1891 et

384 1954 530 1996 camerae
552 1941 760 2016 curraturam
781 1930 997 1995 adhaerescit.
1040 1930 1119 1994 inde
1141 1930 1276 1997 collecta
1297 1935 1421 2019 partim
1442 1953 1520 1996 com-

384 2035 516 2121 ponitur
539 2056 580 2097 ex
602 2034 726 2117 gummi
750 2031 885 2097 subacta
906 2033 950 2095 ad
971 2055 1067 2096 usum
1088 2035 1263 2097 atramenti
1285 2033 1431 2116 librarii,
1452 2032 1519 2096 reli-

383 2158 447 2221 qua
474 2142 614 2201 tectores
648 2133 812 2219 glutinum
846 2135 1063 2199 admiscentes
1097 2136 1132 2198 in
1163 2135 1346 2221 parietibus
1379 2143 1519 2200 utuntur.

334 2251 364 2300 15
383 2238 411 2301 si
433 2247 543 2302 autem
570 2236 631 2300 hae
654 2237 765 2322 copiae
787 2258 852 2301 non
879 2236 1002 2301 fuerint
1028 2247 1177 2323 paratae,
1206 2238 1253 2301 ita
1274 2236 1544 2302 necessitatibusr

300 2410 305 2425 ἶ
383 2342 445 2404 erit
466 2338 778 2421 administrandum,
806 2361 848 2402 ne
876 2339 1104 2426 expectatione
1130 2361 1240 2405 morae
1261 2362 1314 2404 res
1337 2341 1530 2416 retineatur*

383 2450 545 2506 sarmenta
566 2450 623 2504 aut
650 2440 766 2504 taedae
788 2438 934 2504 schidiae
957 2440 1205 2524 comburantur,
1234 2443 1308 2505 cum
1336 2450 1432 2506 erunt
1457 2462 1518 2505 car-

383 2547 482 2608 bones
499 2544 744 2627 extinguantur,
768 2542 888 2606 deinde
909 2544 945 2607 in
959 2544 1115 2617 mortario
1131 2565 1205 2607 cum
1219 2542 1346 2628 glutino
1369 2551 1517 2608 terantur.

381 2647 428 2710 ita
451 2647 513 2709 erit
534 2652 751 2714 atramentum
778 2642 957 2708 tectoribus
979 2666 1045 2709 non
1065 2645 1287 2709 invenustum.
1331 2668 1398 2711 non
1420 2629 1542 2709 minuet

330 2760 363 2808 20
383 2748 410 2810 si
432 2747 510 2809 faex
524 2746 595 2810 vini
616 2745 761 2809 arefacta
781 2755 813 2809 et
835 2754 926 2810 cocta
949 2746 985 2810 in
1005 2746 1136 2829 fornace
1158 2746 1257 2811 fuerit
1279 2756 1313 2812 et
1335 2768 1374 2810 ea
1389 2746 1519 2812 contrita

382 2872 455 2913 cum
477 2847 603 2932 glutino
634 2849 669 2911 in
691 2870 788 2934 opere
810 2848 994 2931 inducetur,
1018 2870 1115 2936 super
1137 2871 1233 2935 quam
1255 2851 1432 2915 atramenti
1453 2870 1516 2913 sua-

382 2951 495 3014 vitatis
518 2948 639 3014 efficiet
662 2949 818 3032 colorem,
842 2959 875 3013 et
897 2972 960 3036 quo
983 2952 1088 3036 magis
1112 2972 1154 3014 ex
1174 2949 1310 3016 meliore
1332 2953 1411 3017 vino
1434 2971 1517 3038 para·

382 3051 485 3134 bitur,
514 3073 579 3116 non
606 3048 702 3115 modo
724 3054 899 3116 atramenti
927 3051 986 3116 sed
1014 3053 1112 3116 etiam
1139 3053 1243 3118 indici
1270 3052 1413 3119 colorem
1435 3051 1518 3116 dabit

381 3155 512 3218 imitari.
1408 3171 1411 3177 ’

331 3301 371 3350 XI
469 3289 620 3354 Caerulei
641 3291 892 3376 temperationes
914 3288 1138 3354 Alexandriae
1158 3292 1299 3377 primum
1314 3301 1393 3356 sunt
1413 3293 1540 3356 iuven-1

331 3404 364 3452 26
381 3400 453 3473 tae,
476 3401 590 3476 postea
605 3391 684 3455 item
698 3391 870 3455 Vestorius
885 3392 1031 3457 Puteolis
1047 3392 1192 3457 instituit
1206 3391 1407 3458 faciundum.
1443 3394 1517 3456 ratio

381 3501 491 3555 autem
520 3493 588 3554 eius
619 3513 636 3554 e
664 3491 781 3577 quibus
812 3502 860 3557 est
890 3495 1026 3557 inventa
1052 3496 1131 3558 satis
1160 3493 1260 3559 habet
1286 3494 1516 3560 admirationis.

382 3591 503 3654 harena
532 3593 617 3655 enim
651 3614 723 3655 cum
754 3595 834 3658 nitri
865 3594 944 3661 flore
973 3597 1151 3660 conteritur
1182 3596 1264 3660 adeo
1295 3595 1465 3662 subtiliter
1488 3603 1518 3658 ut

383 3690 544 3756 efficiatur
563 3694 833 3778 quemadmodum
856 3697 978 3778 farina,
1002 3706 1035 3761 et
1055 3719 1110 3760 aes
1126 3698 1274 3785 cyprium
1296 3697 1385 3762 limis
1408 3699 1517 3762 crassis

332 3811 365 3858 30
382 3794 431 3856 uti
446 3795 553 3858 scobis
575 3795 714 3861 fractum
729 3798 792 3861 ista
807 3798 1035 3883 conspargitur
1047 3808 1084 3862 ut
1100 3797 1370 3884 conglomeretur.
1407 3797 1518 3864 deinde

384 4119 451 4184 (Lib,
471 4124 650 4188 procereatur
667 4120 701 4186 c).
723 4117 736 4188 ΙΙ
760 4124 775 4172 7
793 4122 823 4171 fit
842 4122 923 4173 ΕΘΗ
938 4121 990 4187 (Li,
1009 4125 1046 4174 sit
1063 4123 1114 4189 et).
1138 4121 1150 4190 ΙΙ
1172 4127 1241 4176 9110
1259 4125 1322 4178 EG:
1341 4141 1394 4176 nec
1411 4125 1445 4174 H
1459 4123 1517 4189 (Llc,

383 4221 436 4256 neo
448 4205 471 4262 h,
490 4221 544 4254 nea
562 4204 611 4270 bc).
629 4201 640 4271 ΙΙ
658 4208 689 4257 10
703 4205 854 4256 collocatur
866 4208 927 4258 ΕΘ;
948 4207 1094 4259 collocbur
1106 4211 1135 4258 H
1147 4207 1208 4274 (et).
1224 4206 1236 4275 ΙΙ
1253 4212 1285 4260 13
1303 4210 1423 4261 subacta
1436 4209 1517 4260 Scin:

382 4290 499 4339 subacto
517 4288 603 4339 ΕΘΗ.
625 4284 638 4355 ΙΙ
663 4290 770 4355 reliqua
781 4292 853 4342 Joe.:
872 4292 1008 4358 reliquum
1022 4294 1107 4345 ΕΘΗ.
1125 4290 1137 4360 Η
1154 4295 1185 4344 15
1196 4295 1221 4342 si
1233 4299 1342 4345 autema
1359 4297 1398 4344 sio
1410 4292 1493 4344 ΕΘΗ.
1506 4290 1515 4355 i}

384 4375 415 4423 16
434 4369 600 4425 retineatur:
619 4375 657 4424 eie
674 4374 761 4426 ΕΘΗ.
785 4372 798 4442 Η
819 4379 849 4426 21
869 4391 1044 4442 superquam
1057 4393 1116 4427 noa:
1136 4391 1271 4442 superque
1284 4377 1371 4429 ΕΘΗ.
1387 4374 1401 4444 ΙΙ
1417 4378 1451 4428 25
1463 4391 1518 4426 eae·

382 4455 452 4508 rulei
470 4460 525 4508 ed:
546 4457 652 4507 caeruli
671 4459 771 4522 (ceruli
789 4451 827 4523 Ε)Ι
843 4462 929 4511 ΕΘΗ.
953 4459 965 4528 ΙΙ
987 4465 1021 4512 26
1038 4463 1188 4514 nestorius:
1211 4465 1250 4512 aie
1266 4462 1355 4513 ΕΘΗ.
1378 4459 1392 4530 ΙΙ
1419 4462 1519 4513 iaciun-

383 4541 447 4592 dnm
466 4542 516 4591 ΘΗ
529 4541 608 4607 (Llc),
627 4543 786 4594 faciendum
805 4546 838 4596 E.
863 4543 875 4612 ΙΙ
897 4549 930 4597 27
949 4548 1008 4596 eins
1028 4548 1157 4612 equibus:
1178 4549 1217 4598 aic
1234 4547 1320 4598 ΕΘΗ.
1342 4543 1356 4613 ΙΙ
1378 4549 1413 4597 29
1431 4550 1460 4597 et
1476 4539 1519 4595 ae‘s

385 4623 427 4689 (es
447 4627 478 4688 G)
499 4640 610 4691 cyprum
629 4623 743 4692 (ciprum
767 4630 803 4693 E)
823 4631 901 4682 ΕΘΗ
919 4628 1053 4697 (cyprium
1072 4630 1132 4696 ed.)-
1155 4628 1168 4699 ΙΙ
1197 4634 1230 4683 30
1252 4632 1372 4683 fractum
1390 4632 1446 4683 ista
1463 4645 1517 4698 eoo:

385 4708 490 4759 factam
511 4710 598 4772 (faeta
616 4711 651 4774 Ε)
671 4712 756 4763 mixta
775 4714 861 4765 EGH.
882 4703 894 4782 ll
918 4717 1111 4784 conspargitur
1129 4716 1214 4767 ΕΘΗ.
