3784 5625
687 670 735 719 nn
757 672 1026 731 Ancurrncruns
1049 675 1186 723 nra.1v.
1464 661 1505 727 83

359 828 409 890 ita
448 825 497 887 uti
530 817 643 887 contra
676 824 841 888 columnas
880 825 1024 911 singulas
1057 829 1199 914 primunr
1224 829 1289 891 sint
1324 829 1504 915 designata,

363 935 472 989 cetera
486 924 614 1010 aequali
635 926 732 991 modo
755 926 914 1014 disposita
935 930 983 992 uti
1007 928 1136 1013 singula
1158 928 1294 1014 singulis
1317 931 1435 994 mediis
1457 943 1504 996 te-

362 1028 448 1112 gulis
470 1026 698 1113 respondeant.
748 1028 829 1091 haec
853 1039 964 1093 autem
986 1053 1069 1117 quae
1092 1040 1185 1095 crunt
1207 1040 1319 1095 contra
1341 1032 1504 1097 columnas

362 1128 585 1215 perterebrata
618 1131 683 1193 sint
714 1129 756 1193 ad
785 1128 929 1199 canalem
961 1132 1017 1216 qui
1046 1134 1170 1220 excipit
1198 1156 1215 1196 e
1241 1132 1361 1218 tegulis
1388 1156 1506 1220 aquam

363 1230 554 1313 caelestem,
587 1230 738 1294 mediana
765 1243 873 1296 autem
906 1235 973 1296 sint
1000 1232 1126 1316 solida,
1153 1236 1202 1297 uti
1229 1256 1311 1320 quae
1339 1234 1427 1299 cadit
1454 1238 1539 1300 viso

362 1355 465 1419 aquae
480 1354 538 1419 per
560 1331 686 1416 tegulas
711 1333 744 1395 in
767 1332 911 1397 canalem
933 1356 975 1397 ne
999 1333 1158 1398 deiciatur
1179 1357 1238 1421 per
1259 1336 1507 1401 intercolumnia

362 1455 468 1526 neque
489 1443 691 1498 transeuntes
714 1434 901 1522 perfundat,
925 1435 984 1499 sed
1007 1446 1186 1522 quaesunt
1209 1446 1319 1501 contra
1341 1430 1506 1502 columnas

363 1535 537 1600 videantur
560 1538 706 1599 emittere
729 1539 894 1601 vomentia
915 1548 1026 1602 ructus
1048 1560 1206 1624 aquarum
1229 1560 1271 1601 ex
1293 1562 1357 1604 ore.

447 1638 588 1701 Aedium
616 1638 796 1701 ionicarum
820 1662 915 1725 qnam
937 1641 1141 1726 apertissime
1162 1642 1255 1726 potui
1278 1641 1505 1728 dispositiones

361 1740 423 1803 boc
437 1739 603 1838 volumine
625 1740 756 1826 scripsi,
780 1739 960 1805 doricarum
983 1752 1091 1806 autem
1115 1751 1147 1805 et
1169 1742 1401 1807 corinthiarum
1425 1765 1507 1830 quae
1525 1761 1557 1809 10

362 1844 428 1904 sint
450 1840 675 1929 proportiones
698 1840 891 1926 insequenti
904 1841 989 1907 libro
1012 1842 1194 1929 explicabo.

639 2150 852 2224 LIBER
897 2149 1255 2241 QUARTUS..

331 2351 342 2398 1
448 2334 530 2397 Cum
545 2334 860 2418 animadvertissem,
883 2336 1076 2421 imperator,
1099 2333 1208 2422 plures
1225 2335 1266 2396 de
1287 2333 1506 2398 architectura

362 2445 535 2522 praecepta
569 2435 800 2522 voluminaque
834 2437 1137 2499 commentariorum
1167 2458 1233 2498 non
1265 2435 1414 2497 ordinata
1447 2436 1504 2498 sed

362 2539 493 2624 incepta
519 2540 566 2601 uti
594 2538 769 2624 particulas
794 2537 993 2600 errabundas
1022 2535 1208 2622 reliquisse,
1233 2537 1365 2622 dignam
1388 2536 1556 2599 etuti-15

362 2638 518 2701 lissimam
545 2661 612 2702 rem
640 2640 755 2726 putavi
776 2634 887 2702 tantae
909 2637 1102 2725 disciplinae
1124 2659 1240 2725 corpus
1262 2636 1305 2699 ad
1326 2636 1506 2723 perfectam

362 2740 599 2805 ordinationem
621 2741 797 2829 perducere
820 2750 852 2803 et
873 2743 1090 2828 praescriptas
1117 2741 1153 2803 in
1174 2739 1311 2825 singulis
1333 2737 1505 2802 volumini-

362 2846 422 2907 bus
451 2842 653 2928 singulorum
674 2865 828 2928 generum
852 2843 1024 2928 qualitates
1048 2841 1223 2928 explicare.
1267 2844 1394 2928 itaque,
1414 2841 1504 2923 xCae·
1537 2927 1541 2934 ν

363 2967 430 3028 sar,
459 2946 562 3031 primo
590 2944 756 3009 volumine
777 2945 840 3008 tibi
861 2944 903 3008 de
926 2945 1034 3009 officio
1057 2946 1125 3008 eius
1149 2954 1180 3007 et
1203 2943 1320 3029 quibus
1343 2942 1506 3006 eruditum

363 3068 433 3110 esse
459 3047 556 3111 rebus
579 3045 793 3110 architectum
816 3055 963 3132 oporteat
985 3046 1131 3132 exposui.
1175 3043 1317 3108 seeundo
1339 3044 1381 3106 de
1405 3045 1505 3129 copiis
1524 3059 1557 3107 20

363 3150 528 3230 materiae,
552 3169 569 3210 e
593 3147 711 3233 quibus
733 3147 882 3211 aedificia
904 3142 1165 3227 constituuntur,
1189 3147 1365 3232 disputavi.
1409 3146 1506 3207 tertio
1623 3140 1625 3144 ⁴

362 3260 471 3313 autem
502 3249 543 3312 de
570 3249 701 3313 aedium
723 3271 887 3312 sacrarum
909 3247 1179 3335 dispositionibus
1202 3257 1234 3309 et
1256 3246 1297 3308 de
1319 3268 1428 3308 earum
1450 3266 1505 3328 gc-

362 3374 474 3415 nerum
504 3352 664 3414 varietate
692 3373 836 3437 quasque
864 3361 895 3414 et
924 3360 1003 3437 quot
1023 3349 1170 3412 habeant·
1187 3349 1310 3434 species
1333 3367 1506 3431 earumque

329 3471 447 3539 equae
469 3454 535 3516 sint
556 3453 600 3534 in*
613 3452 751 3536 singulis
774 3452 949 3536 generibus
973 3452 1236 3533 distributiones,
1260 3472 1301 3513 ex
1323 3448 1427 3511 tribus
1450 3469 1505 3532 ge-

362 3555 512 3634 neribus,
542 3576 624 3640 quae
647 3552 875 3618 subtilissimas
896 3552 1055 3616 haberent
1077 3551 1339 3639 proportionibus
1362 3548 1506 3612 modulo·
1524 3567 1557 3614 25

363 3671 435 3719 rum
462 3657 675 3741 quantitates,
709 3655 809 3719 ionici
836 3655 964 3738 generis
992 3655 1136 3746 moribus
1166 3653 1272 3716 docui.
1326 3672 1413 3714 nunc
1445 3649 1507 3712 hoc

363 3756 528 3820 volumine
549 3756 590 3819 de
613 3754 716 3819 dorici
744 3754 961 3841 corinthiiquc
982 3755 1169 3819 constitutis
1196 3752 1376 3822 rationibus
1400 3751 1507 3813 dicam

364 3880 540 3945 eorumque
562 3857 752 3921 discrimina
774 3867 806 3921 et
827 3858 1042 3943 proprietates
1065 3854 1247 3942 explicabo.
1447 3851 1449 3854 ’

431 4068 456 4116 4.
465 4067 540 4131 pieri
557 4067 638 4116 brate
659 4062 756 4128 G(sed
772 4068 839 4143 -ἱιιΙ
856 4063 910 4126 (1¹⁶).
934 4059 946 4128 l}
971 4065 985 4112 7
1002 4059 1153 4127 perfundat
1173 4059 1207 4110 G:
1226 4056 1327 4106 -dant
1344 4056 1373 4104 II
1391 4053 1471 4119 (hle).
1491 4053 1503 4119 ll

366 4155 397 4202 10
415 4151 613 4202 chorintierum
632 4153 660 4200 H
679 4147 722 4216 (L,
743 4148 938 4199 corinthiarum
956 4146 986 4211 l),
1005 4144 1220 4195 chorinthiarum
1240 4139 1328 4203 G(lc).

433 4270 554 4319 Vitruvii
573 4269 644 4319 liber
665 4269 763 4318 tertius
787 4264 1029 4329 explicit.incipit
1050 4263 1121 4312 liber
1144 4244 1194 4324 (lib
1215 4259 1246 4323 6)
1261 4263 1374 4322 qna'rtus
1386 4257 1508 4307 feliciter

367 4354 418 4403 GH
430 4354 475 4416 (L,
494 4357 611 4403 itemom.
631 4352 753 4402 feliciter
770 4354 787 4408 l,
806 4365 853 4400 cm.
872 4349 970 4397 nomine
988 4349 1022 4409 c).

435 4453 740 4504 mesaburiorum:
765 4448 932 4500 errabundos
952 4448 1010 4499 GH.
1030 4444 1043 4512 ll
1070 4447 1101 4495 16
1125 4449 1220 4494 tantae
1239 4446 1398 4495 Pontedera:
1423 4447 1507 4492 entes

368 4555 426 4605 GH.
446 4551 459 4621 1]
478 4558 511 4604 22
530 4539 605 4607 e⁸rnm
619 4554 667 4607 Hc.
690 4548 702 4619 Η
724 4553 758 4602 24
775 4553 831 4601 sint
848 4551 933 4601 Rode:
964 4550 1028 4598 sunt
1052 4549 1110 4598 GH.
1135 4545 1147 4614 Η
1171 4547 1379 4597 distributiones
1402 4561 1435 4595 ex
1457 4544 1506 4593 tri·

367 4641 418 4688 bn's
482 4640 533 4689 GH
543 4636 610 4703 (sic).
625 4635 637 4705 ΙΙ
653 4640 686 4687 27
700 4637 786 4687 dorici
804 4634 987 4698 corinthiique
998 4633 1157 4682 constitutis
1168 4631 1323 4683 rationibus
1333 4645 1392 4694 epo:
1405 4629 1508 4678 doricis

368 4723 566 4788 corinthiisque
584 4722 743 4773 constitutis
762 4721 787 4771 dc
804 4720 930 4770 omnibus
950 4719 1007 4772 GH.
1027 4715 1040 4786 ΙΙ
1062 4720 1095 4769 28
1113 4716 1289 4783 proprietatis
1306 4721 1366 4764 ante
1383 4729 1452 4764 corr.
1471 4711 1508 4764 Η.

1259 4796 1304 4863 6*
