3784 5625
388 641 448 707 1:38
873 657 1032 705 urracam

382 813 480 896 genio
502 834 537 875 se
551 810 757 898 profiteretur
776 833 842 875 non
863 811 962 876 modo
984 833 1086 874 unum
1107 810 1165 874 sed
1188 812 1287 874 etiam
1307 808 1419 896 plures
1441 809 1528 872 alere

382 935 488 999 posse.
532 924 563 976 et
577 912 621 976 ad
636 935 795 978 summam
815 936 903 977 mors
926 914 996 976 eius
1018 924 1054 977 ut
1076 911 1245 998 parricidii
1267 911 1414 975 damnati
1436 914 1528 974 varie

382 1025 586 1078 memoratur.
623 1013 680 1077 alii
703 1017 790 1077 enim
812 1016 1012 1101 scripserunt
1033 1011 1282 1099 aPhiladelpho
1304 1035 1377 1077 esse
1399 1015 1434 1076 in
1456 1035 1526 1076 cru-

381 1138 450 1179 cem
466 1116 579 1199 fixum,
601 1115 749 1181 nonnulli
764 1116 840 1180 Chii
856 1117 885 1179 ei
901 1114 1028 1203 lapides
1051 1137 1123 1178 esse
1145 1117 1319 1197 coniectos,
1341 1113 1401 1177 alii
1416 1114 1526 1199 Smyr-

347 1237 441 1283 5nae
462 1218 577 1282 virum
598 1219 634 1280 in
655 1238 771 1304 pyram
794 1220 986 1282 coniectum.
1017 1240 1153 1302 quorum
1174 1226 1284 1280 utrum
1306 1217 1338 1278 ci
1357 1213 1526 1296 acciderit,

380 1321 517 1383 merenti
539 1318 639 1405 digna
661 1320 809 1383 constitit
830 1341 943 1405 poena.
988 1342 1054 1383 non
1075 1320 1161 1382 enim
1182 1316 1279 1381 aliter
1299 1318 1433 1381 videtur
1455 1338 1527 1402 pro·

380 1422 497 1484 mereri
519 1424 575 1507 qui
598 1422 677 1485 citat
700 1441 754 1484 cos
777 1442 913 1505 quorum
935 1441 1138 1505 responsum,
1161 1420 1242 1505 quid
1263 1400 1425 1483 senserint
1448 1420 1526 1481 scri·

380 1522 506 1605 bentea,
528 1544 594 1586 non
615 1533 722 1608 potest
745 1543 853 1586 coram
875 1519 1025 1585 indicari.
1070 1544 1130 1607 ego
1152 1543 1241 1601 vero,
1265 1519 1399 1601 Caesar,
1421 1540 1528 1604 neque
1546 1538 1573 1583 10

381 1621 497 1686 alienis
525 1624 690 1687 indicibus
718 1624 852 1687 mutatis
879 1623 1072 1707 interposito
1092 1623 1226 1686 nomine
1245 1644 1318 1686 meo
1339 1620 1377 1685 id
1397 1619 1528 1707 profero

333 1742 363 1789 ro
380 1746 497 1810 corpus
529 1747 635 1811 neque
661 1724 760 1789 ullius
788 1726 931 1809 cogitata
961 1726 1151 1811 vituperans
1180 1724 1310 1787 institui
1336 1745 1380 1785 ex
1409 1744 1448 1785 eo
1476 1743 1528 1783 me

382 1824 586 1911 adprobare,
620 1826 678 1890 sed
712 1826 864 1890 omnibus
896 1826 1110 1912 scriptoribus
1137 1824 1283 1888 infinitas
1311 1846 1376 1909 ago
1402 1825 1527 1908 gratias

383 1927 470 2011 quod
501 1930 640 2012 egregiis
670 1929 874 2012 ingeniorum
901 1925 1055 1991 sollertiis
1084 1949 1126 1990 ex
1154 1949 1236 1990 aero
1264 1926 1403 1992 conlatis
1425 1924 1527 1987 abun-

382 2026 497 2091 dantes
512 2027 595 2093 alius
616 2028 681 2093 alio
701 2051 821 2113 genere
843 2030 954 2115 copias
977 2040 1269 2116 praeparaverim,
1291 2027 1382 2092 unde
1403 2049 1463 2091 nos
1478 2027 1527 2088 uti

380 2127 526 2191 fontibus
546 2128 731 2194 haurientes
753 2153 871 2216 aquam
894 2129 990 2193 etad
1012 2129 1142 2217 propria
1164 2130 1332 2216 proposita
1353 2127 1525 2192 traducen-

334 2248 363 2296 15
382 2238 430 2292 tes
458 2228 663 2295 facundiores
691 2241 723 2295 et
751 2233 973 2318 expeditiores
995 2232 1150 2296 habemus
1178 2230 1222 2294 ad
1244 2231 1458 2294 scribendum
1478 2229 1524 2291 fa-

381 2330 518 2394 cultates
533 2332 718 2419 talibusque
737 2332 936 2397 confidentes
956 2332 1144 2397 auctoribus
1166 2332 1323 2397 audemus
1345 2332 1525 2397 institutio·

379 2453 437 2495 nes
459 2455 561 2497 novas
583 2456 780 2521 comparare.

464 2533 570 2618 Igitur
596 2534 677 2599 tales
704 2538 870 2621 ingressus
898 2558 1009 2601 eorum
1036 2536 1113 2621 quia
1139 2535 1182 2599 ad
1204 2536 1366 2622 propositi
1388 2536 1454 2598 mei
1475 2556 1523 2597 ra-
1542 2556 1566 2601 11

379 2635 483 2697 tiones
497 2636 714 2701 animadverti
728 2648 949 2724 praeparatos,
971 2636 1049 2701 inde
1063 2637 1221 2702 sumendo
1242 2638 1400 2723 progredi
1422 2637 1523 2723 coepi.

330 2754 363 2801 ao
379 2757 520 2821 namque
541 2738 680 2823 primum
697 2738 925 2824 Agatharchus
946 2738 1086 2802 Athenis
1108 2737 1273 2827 Aeschylo
1296 2739 1438 2803 docente
1461 2748 1523 2801 tra-

381 2835 530 2919 goediam
552 2860 702 2904 scaenam
724 2841 802 2904 fecit
824 2851 857 2905 et
879 2842 921 2904 de
943 2864 981 2904 ea
1003 2843 1271 2905 commentarium
1292 2840 1440 2929 reliquit.
1484 2861 1524 2902 ex

381 2934 418 2999 eo
448 2939 562 3004 moniti
583 2939 790 3005 Democritus
819 2951 851 3006 et
872 2942 1086 3028 Anaxagoras
1115 2943 1158 3006 de
1185 2941 1301 3006 eadem
1327 2966 1364 3006 re
1387 2943 1523 3028 scripse-

380 3048 472 3121 runt,
496 3039 768 3125 quemadmodum
789 3053 935 3130 oporteat
963 3042 1005 3108 ad
1027 3046 1131 3108 aciem
1153 3042 1321 3109 oculorum
1342 3045 1522 3109 radiorum-

381 3161 443 3224 que
470 3142 688 3204 extentionem
721 3137 809 3208 certo
837 3143 907 3209 loco
933 3156 1045 3210 centro
1073 3147 1250 3211 constituto
1271 3145 1377 3209 lineas
1399 3145 1524 3209 ratione

330 3259 363 3306 25
380 3240 521 3305 naturali
543 3243 756 3330 respondere,
784 3247 833 3310 uti
856 3246 896 3309 de
918 3248 1043 3311 incerta
1064 3269 1100 3311 re
1122 3258 1230 3310 certae
1251 3249 1414 3332 imagines
1437 3245 1523 3308 aedi-

380 3341 524 3405 ficiorum
547 3346 581 3407 in
602 3366 789 3409 scaenarum
811 3349 946 3433 picturis
968 3348 1143 3413 redderent
1165 3350 1308 3435 speciem
1330 3358 1363 3412 et
1386 3347 1523 3434 quaein

382 3440 514 3506 directis
546 3444 716 3531 planisque
748 3446 910 3512 frontibus
944 3451 1011 3514 sint
1037 3449 1193 3534 figurata,
1221 3449 1287 3513 alia
1312 3449 1525 3514 abscedentia

381 3539 447 3604 alia
474 3546 690 3627 prominentia
712 3569 783 3611 esse
805 3548 988 3614 videantur.
1032 3561 1146 3637 postea
1168 3551 1294 3615 Silenus
1317 3551 1360 3614 de
1382 3570 1569 3637 symma-12

381 3731 606 3742 Ἣ..

449 3852 463 3898 1
488 3850 566 3902 modo
589 3868 683 3902 unum:
705 3858 743 3904 sic
766 3856 824 3905 GH.
846 3853 859 3922 ΙΙ
881 3860 897 3907 3
921 3851 1117 3923 aph'ilodelpho
1143 3860 1171 3909 G.
1195 3858 1207 3924 ΙΙ
1235 3862 1252 3908 4
1274 3861 1312 3909 cii
1335 3859 1377 3925 (td
1398 3866 1441 3909 eat
1462 3857 1524 3908 chii

381 3931 428 3983 Sul
450 3933 468 3995 .)
488 3935 526 3984 ei:
544 3938 582 3985 ate
601 3937 651 3986 GH
674 3935 895 4004 (nonlnulliciiei
920 3942 954 4002 θ,
976 3941 1103 3992 nonnulli
1113 3945 1151 3992 cii
1161 3945 1188 3993 ei
1205 3945 1269 4002 ch,
1293 3945 1358 3996 Non
1380 3944 1452 3994 nulli
1471 3943 1524 3992 cici

380 4015 424 4078 L).
446 4013 458 4083 11
481 4020 602 4070 zmirnae
622 4020 701 4084 (-ne
722 4023 754 4085 G)
774 4025 824 4073 GH
842 4026 889 4089 (L,
908 4026 1008 4075 smirne
1027 4029 1048 4084 1,
1067 4042 1175 4092 smyrne
1194 4027 1247 4091 cl).
1269 4023 1282 4092 ΙΙ
1304 4029 1320 4076 5
1338 4028 1433 4078 vivom
1451 4028 1489 4076 H.
1509 4022 1521 4089 ΙΙ

379 4099 408 4147 in
426 4115 521 4165 pyram
540 4100 608 4169 (piri
627 4105 658 4169 G)
678 4108 844 4156 coniectum:
863 4111 900 4157 sic
919 4108 978 4158 GH.
995 4105 1038 4175 [Ιῖ
1057 4125 1116 4162 eos:
1136 4126 1165 4160 es
1182 4117 1243 4161 ante
1260 4127 1330 4165 corr.
1346 4113 1375 4163 G.
1392 4108 1437 4178 ΙΙ9
1457 4111 1524 4160 alie-

381 4198 431 4232 nas
449 4195 508 4236 unte
525 4203 593 4238 corr.
613 4190 650 4243 H.
673 4186 686 4255 ll
709 4192 740 4241 13
759 4191 830 4241 alius
850 4192 977 4244 Oudend:
1006 4193 1069 4244 aliis
1093 4195 1152 4245 GH.
1176 4191 1188 4260 Η
1212 4198 1244 4245 15
1262 4196 1465 4248 vfacundiores:
1487 4197 1524 4246 sic

383 4266 440 4320 GH.
463 4265 474 4334 ΙΙ
498 4272 529 4318 16
547 4271 704 4336 talibusque
725 4276 774 4325 GH
792 4274 840 4338 (L,
862 4277 965 4325 talibus
983 4275 1026 4339 lc).
1052 4274 1066 4343 ΙΙ
1093 4280 1125 4328 18
1144 4294 1237 4329 eorum
1260 4281 1327 4346 quia
1344 4297 1405 4347 epo:
1431 4292 1524 4331 eorum

382 4363 450 4411 quae
470 4350 530 4418 (-q
550 4354 580 4419 G)
601 4357 660 4409 GH.
681 4354 693 4423 Η
717 4362 750 4408 20
768 4361 934 4424 agatharcua
955 4359 988 4422 G,
1012 4367 1140 4412 -tarcus
1159 4363 1188 4411 H
1206 4362 1285 4429 (Lle).
1312 4362 1325 4430 {l
1349 4364 1476 4416 aeschilo
1495 4365 1523 4422 6,

382 4433 492 4498 eschylo
510 4437 540 4485 H
561 4436 643 4500 (Lazo,
663 4441 742 4505 chylo
761 4443 790 4508 l).
813 4440 825 4509 11
849 4439 1147 4516 docentlduagoediam
1169 4449 1202 4496 H
1222 4447 1275 4513 (ubi
1292 4464 1325 4499 oe
1345 4465 1381 4500 aar
1400 4449 1492 4514 corn).
1510 4443 1523 4512 Η

382 4516 413 4563 21
435 4533 563 4570 scaenam
585 4526 639 4573 ed:
668 4525 788 4590 adcqlna
813 4535 872 4578 unte
903 4547 971 4585 corr.
1002 4532 1035 4589 G,
1064 4531 1213 4583 adcaenam
1240 4541 1301 4584 ante
1327 4551 1399 4588 corr,
1424 4537 1455 4585 H
1477 4533 1524 4599 (ad

383 4612 512 4651 scaenam
529 4605 581 4664 Hc,
601 4606 718 4658 adscena
736 4611 808 4675 6⁶12,
834 4613 994 4681 autequam,
1017 4618 1086 4664 -nia
1102 4616 1145 4680 cl).
1168 4614 1181 4683 ΙΙ
1207 4620 1243 4668 24
1261 4621 1465 4672 extentionem:
1487 4620 1526 4669 sic

384 4680 441 4731 GH.
465 4682 477 4750 ΙΙ
498 4685 587 4739 lineas
605 4690 679 4754 Solo.
700 4692 744 4757 (cf.
761 4711 788 4760 p.
808 4699 849 4756 12,
869 4698 911 4762 3):
931 4699 1058 4750 adlineas
1077 4702 1136 4759 GH,
