3784 5625
708 690 756 735 ua
779 689 1047 741 nncmracrual
1069 694 1136 744 ara.
1159 697 1205 744 ιν.
1357 694 1359 696 ’
1487 688 1528 752 87

334 858 366 906 ro
384 843 525 907 lutarum
552 842 659 908 facere
686 854 761 909 sunt
789 846 903 909 coacti.
953 854 1031 910 tunc
1053 846 1289 933 Callimachus,
1318 854 1374 938 qui
1396 866 1529 941 propter

383 945 579 1031 elegantiam
593 954 627 1011 et
649 944 864 1010 subtilitatem
884 948 965 1011 artis
987 970 1186 1015 marmoreae
1206 951 1249 1015 ab
1271 952 1527 1022 Atheniensibus

381 1046 588 1114 catatechnos
615 1048 722 1113 fuerat
743 1048 943 1129 nominatus,
973 1052 1173 1135 praeteriens
1201 1052 1262 1117 hoc
1284 1067 1526 1122 monumentum

382 1148 615 1221 animadvertit
642 1171 715 1213 eum
743 1148 906 1215 calathum
935 1160 967 1214 et
989 1151 1075 1215 circa
1097 1152 1250 1218 foliorum
1271 1167 1458 1233 nascentem
1480 1169 1525 1224 te·
1613 1224 1616 1227 ,

381 1252 576 1332 neritatem,
611 1249 855 1337 delectatusque
886 1272 1006 1337 genere
1039 1262 1072 1317 et
1099 1254 1222 1319 formae
1249 1258 1395 1323 novitate
1423 1260 1465 1323 ad
1492 1261 1561 1324 ida

382 1352 550 1440 exemplar
585 1352 751 1418 columnas
788 1352 876 1439 apud
916 1353 1103 1419 Corinthios
1141 1357 1220 1422 fecit
1256 1362 1527 1449 symmetriasque

382 1455 567 1538 coustituit,
598 1464 630 1519 et
658 1475 700 1517 ex
729 1475 767 1518 eo
795 1456 830 1518 in
851 1477 986 1543 operum
1008 1456 1263 1543 perfectionibus
1287 1459 1449 1525 Corinthii
1470 1486 1525 1548 ge-

297 1647 299 1657 ,
329 1573 361 1620 11
381 1559 468 1622 neris
491 1556 661 1621 distribuit
682 1555 836 1622 rationes.
886 1558 956 1621 eius
978 1565 1088 1622 autem
1109 1558 1244 1645 capituli
1267 1564 1457 1647 symmetria
1478 1567 1527 1629 sic

380 1670 430 1725 cst
444 1656 596 1724 facienda
609 1658 658 1723 uti
674 1666 794 1743 quanta
808 1657 909 1723 fuerit
924 1659 1105 1724 crassitudo
1127 1661 1212 1725 imae
1235 1661 1413 1748 columnae,
1436 1676 1527 1730 tanta

379 1764 425 1827 sit
452 1760 591 1826 altitudo
619 1757 755 1846 capituli
783 1781 857 1823 cum
883 1760 995 1825 abaco.
1044 1760 1139 1824 abaci
1165 1760 1305 1828 latitudo
1334 1766 1381 1829 ita
1408 1765 1526 1831 habeat
1546 1784 1577 1833 10

379 1864 540 1931 rationem
554 1870 590 1925 ut
605 1870 725 1947 quanta
739 1861 839 1926 fuerit
855 1860 1005 1942 alti-tude,
1030 1845 1140 1926 tantae
1160 1861 1243 1927 duae
1265 1864 1332 1930 sint
1354 1864 1526 1952 diagonioe

378 1965 421 2029 ab
453 1961 572 2049 angulo
605 1962 648 2028 ad
679 1962 845 2048 angulum.
900 1964 1007 2050 spatia
1040 1964 1127 2027 enim
1159 1966 1205 2028 ita
1237 1965 1324 2030 iusta
1359 1967 1527 2034 habebunt

378 2068 502 2131 frontes
519 2086 762 2153 quoquoversus
785 2063 981 2129 latitudinis.
1025 2063 1149 2130 frontes
1172 2065 1343 2132 sinuentur
1364 2070 1524 2136 introrsus

378 2169 421 2233 ab
444 2168 598 2243 extremis
620 2165 749 2251 augulis
772 2166 865 2231 abaci
887 2188 966 2232 suae
988 2166 1105 2231 frontis
1127 2166 1311 2232 latitudinis
1333 2192 1428 2235 nona.
1482 2172 1525 2235 ad

378 2272 481 2334 imum
504 2267 682 2355 capitulum
711 2276 835 2332 tantam
857 2267 975 2332 habeat
998 2267 1263 2350 crassitudinem,
1293 2281 1446 2354 quantam
1468 2272 1524 2335 ha·
1545 2287 1575 2335 lo

378 2372 435 2437 bet
458 2392 582 2436 summa
597 2370 746 2434 columna
768 2379 897 2455 praeter
918 2368 1101 2455 apothesim
1123 2379 1155 2433 et
1177 2368 1386 2453 astragalum.
1430 2372 1523 2437 abaci

328 2492 360 2540 12
379 2472 561 2539 crassitudo
583 2472 722 2559 septima
744 2470 877 2557 capituli
899 2469 1094 2536 altitudinis.
1139 2470 1270 2556 dempta
1291 2470 1385 2535 abaci
1407 2476 1523 2538 crassi-

378 2576 508 2659 tudine,
538 2572 706 2639 dividatur
733 2572 859 2659 reliqua
880 2595 955 2659 pars
977 2571 1013 2635 in
1035 2581 1143 2657 partes
1166 2581 1231 2636 tres
1238 2621 1247 2655 ,
1278 2574 1436 2659 equibus
1459 2597 1524 2639 una

378 2679 444 2743 imo
470 2676 549 2743 folio
577 2676 683 2740 detur.
733 2675 912 2739 seeundum
941 2673 1056 2739 folium
1082 2673 1225 2737 mediam
1246 2673 1454 2739 altitudinem
1475 2685 1522 2740 te·
1560 2735 1562 2737 ,

378 2789 464 2846 neat.
512 2777 664 2844 cauliculi
693 2776 829 2842 eandem
857 2776 997 2841 habeant
1019 2774 1241 2861 altitudinem,
1265 2777 1422 2864 equibus
1445 2777 1574 2844 foliato

378 2890 557 2948 nascuntur
588 2880 734 2967 proiecta
764 2880 814 2942 uti
847 2879 1015 2966 excipiant
1037 2901 1119 2963 quae
1152 2901 1194 2942 ex
1227 2878 1394 2945 cauliculis
1428 2891 1524 2945 natae

379 2991 574 3072 procurrunt
600 2981 643 3048 ad
666 2988 829 3045 extremos
851 2979 988 3065 angulos
1011 2979 1153 3063 volutae,
1176 2980 1381 3067 minoresque
1402 2981 1549 3069 helices,

378 3089 464 3151 intra
479 3108 574 3151 suum
588 3082 732 3147 medium
747 3083 803 3169 qui
819 3091 868 3147 est
889 3082 924 3146 in
945 3081 1047 3146 abaco
1069 3081 1142 3145 flori
1164 3081 1304 3145 subiecti
1326 3081 1523 3169 scalpantur.

378 3189 474 3255 flores
502 3188 538 3252 in
565 3194 717 3273 quattuor
738 3184 887 3271 partibus
911 3192 1032 3270 quanta
1054 3185 1116 3247 erit
1137 3183 1231 3246 abaci
1254 3182 1433 3247 crassitudo
1456 3193 1522 3247 tam

339 3368 341 3373 .
378 3291 490 3377 magni
510 3288 700 3354 formentur.
743 3289 790 3350 ita
811 3285 862 3351 his
882 3286 1081 3374 symmetriis
1103 3284 1262 3349 corinthia
1284 3283 1426 3371 capitula
1448 3307 1522 3348 suas
1540 3302 1573 3350 25

377 3393 546 3460 habebunt
568 3391 765 3455 exactiones.

464 3493 548 3561 Sunt
562 3502 671 3559 autem
694 3511 776 3577 quae
797 3490 901 3553 isdem
917 3489 1075 3554 columnis
1090 3490 1291 3575 inponuntur
1305 3487 1522 3574 capitulorum

378 3617 500 3684 genera
521 3595 622 3660 variis
650 3590 817 3658 vocabulis
844 3593 1027 3674 nominata,
1057 3613 1193 3677 quorum
1220 3611 1281 3653 nec
1308 3591 1521 3676 proprietates

379 3769 607 3782 ...-.-..—-—-

448 3875 463 3923 3
483 3870 664 3922 catatechnos
687 3869 719 3916 H
738 3865 818 3931 (Lle):
844 3864 1042 3931 catatheclnos
1067 3866 1088 3915 G
1111 3861 1363 3925 (catatexitechnus
1386 3864 1453 3912 Ptin.
1478 3867 1521 3922 34,

379 3955 433 4020 92).
456 3952 469 4024 ll
492 3957 508 4008 t
527 3960 556 4006 et
572 3956 633 4006 add.
652 3953 723 4004 Mar.
742 3952 789 4015 (ex
807 3967 892 4014 eoque
911 3953 953 4005 ed.
971 3949 1037 4013 ωε
1061 3965 1108 4000 om.
1128 3948 1181 3997 GH
1201 3947 1358 4010 (constituit
1381 3963 1415 3996 ex
1434 3963 1466 3996 eo
1486 3948 1520 4004 H,

379 4040 534 4091 constituit.
570 4041 661 4089 Exeo
681 4038 722 4103 G).
747 4033 759 4103 ll
782 4051 893 4101 operum
911 4037 953 4088 ed.
971 4036 1024 4086 Fu:
1048 4032 1139 4097 operis
1163 4032 1220 4080 GH.
1244 4027 1256 4097 ΙΙ
1278 4033 1294 4080 9
1313 4029 1446 4080 faciunda
1463 4039 1522 4079 crate

378 4159 448 4193 corr.
469 4141 491 4191 G
510 4129 630 4206 (-rinda
649 4139 704 4202 6⁶).
727 4133 739 4204 ll
763 4141 793 4187 ut
812 4137 842 4189 G.
865 4133 877 4202 ll
902 4138 931 4185 ll
951 4139 1048 4184 tantae
1067 4133 1137 4183 duae
1155 4132 1212 4182 sint
1224 4130 1371 4196 diagonioe
1384 4129 1472 4191 (Soka.
1486 4132 1521 4192 cf.

378 4244 405 4292 p.
422 4229 464 4284 85,
482 4225 545 4289 25):
565 4229 646 4274 tanta
664 4223 717 4273 duo
736 4222 793 4272 sint
812 4219 943 4283 diagonia
964 4219 1022 4269 GH.
1040 4214 1052 4284 Η
1069 4219 1100 4266 12
1118 4217 1193 4266 iusta
1211 4214 1301 4264 Solea:
1320 4215 1407 4264 iustas
1428 4213 1486 4267 GH,
1508 4211 1528 4277 ll,

380 4315 412 4362 13
431 4311 578 4361 sinuentur
594 4309 666 4376 Joc:
685 4307 819 4357 simentur
838 4303 891 4353 GH
906 4301 1060 4366 (sumentur
1079 4299 1132 4364 ΙΝ).
1156 4295 1168 4365 Η
1192 4300 1224 4347 14
1243 4295 1402 4363 labangulis
1427 4298 1448 4347 G
1471 4297 1522 4360 (re-

378 4396 484 4461 petitam
501 4383 537 4445 ab
555 4396 622 4445 delet
643 4389 697 4455 0⁶).
721 4386 733 4455 ΙΙ
756 4403 833 4439 nona
848 4388 920 4438 Joa:
939 4401 994 4436 non
1014 4387 1067 4436 GH
1087 4383 1234 4447 (dedimam
1254 4383 1287 4441 G,
1312 4397 1366 4432 non
1385 4381 1420 4431 ad
1438 4383 1522 4431 imum

380 4479 429 4544 H).
452 4475 465 4545 ΙΙ
489 4475 690 4544 recepturum
709 4475 792 4524 Mara:
812 4471 928 4537 capituli
948 4471 1007 4522 GH.
1030 4467 1042 4536 ΙΙ
1071 4471 1102 4518 16
1119 4472 1232 4534 praeter
1258 4482 1306 4517 om.
1332 4467 1353 4516 G
1377 4467 1454 4528 (inter
1477 4468 1520 4519 lin,

379 4567 464 4630 suppl.
494 4562 548 4627 (30).
577 4559 590 4629 ll
617 4559 781 4625 apothesim:
813 4559 851 4607 stc
880 4556 938 4606 GH.
968 4551 981 4620 ΙΙ
1009 4558 1037 4603 et
1065 4551 1357 4617 astragalum.abaci
1384 4566 1421 4603 cr.
1450 4551 1520 4604 dou:

381 4656 410 4701 et
428 4648 513 4700 abaci
531 4644 701 4711 astragalum
720 4659 757 4696 cr.
778 4624 830 4695 (i'H
846 4641 911 4704 (siae
923 4639 1031 4704 interp.)
1054 4635 1066 4704 Η
1088 4640 1121 4688 20
1134 4636 1246 4686 coliculi
1265 4638 1285 4687 6
1304 4632 1372 4699 (Ll):
1393 4633 1523 4685 coaliculi
1622 4685 1625 4688 Δ

380 4751 412 4802 H
427 4747 491 4815 (ch).
508 4745 520 4816 Η
542 4751 574 4799 ’21
588 4727 715 4800 coliculis
734 4746 792 4798 GH.
809 4741 822 4812 ll
842 4747 874 4795 23
892 4743 953 4795 flori
971 4742 1047 4794 Lea:
1067 4741 1147 4792 flores
1161 4740 1219 4791 GH.
1236 4735 1248 4804 Η
1263 4741 1296 4790 *28
1314 4721 1459 4807 vicebuhs
1480 4737 1523 4789 6¹⁶.
