3784 5625
383 639 445 703 238
495 647 498 653 '
872 654 1030 701 vrrnuvn
1075 712 1078 720 ¹

383 830 461 872 auro
489 807 669 894 perfectum
697 794 753 869 aut
784 827 826 868 ex
854 798 982 889 gemina
1009 806 1183 870 terebrata.
1229 829 1266 871 ca
1289 810 1375 872 enim
1398 830 1459 871 nec
1480 817 1525 872 te·

382 920 498 973 rnntur
525 930 680 995 pereursu
707 929 809 992 aquae
836 928 897 969 nec
925 907 1037 971 sordes
1069 910 1231 994 recipiunt
1258 919 1295 974 ut
1322 909 1526 975 obturentur.

382 1032 521 1097 namque
542 1009 721 1095 acqualiter
743 1030 800 1093 per
822 1009 857 1071 id
881 1030 995 1071 cavum
1019 1009 1158 1074 influens
1181 1032 1265 1096 aqua
1288 1011 1440 1076 sublevat
1458 1028 1555 1076 sea-5

383 1113 493 1198 phium
517 1114 694 1192 inversum,
718 1109 804 1194 quod
827 1109 869 1173 ab
891 1109 1071 1173 artificibus
1094 1109 1218 1196 phellos
1241 1112 1313 1175 sive
1335 1123 1525 1200 tympanum

348 1214 512 1278 adicitur.
557 1215 591 1276 in
615 1234 678 1297 quo
702 1209 868 1275 conlocata
891 1222 940 1275 cst
962 1211 1076 1294 regula
1098 1211 1247 1276 versatili
1269 1222 1426 1301 tympano
1450 1216 1524 1278 den·

381 1313 490 1379 ticulis
513 1312 703 1399 aequalibus
726 1311 880 1399 perfecta.
926 1314 982 1398 qui
1004 1311 1162 1377 denticuli
1189 1313 1272 1378 alius
1300 1316 1401 1380 alium
1424 1318 1524 1403 inpel-

381 1416 484 1479 lentes
513 1417 712 1478 versationes
741 1414 886 1477 modicas
914 1413 1039 1478 faciunt
1067 1425 1099 1478 et
1126 1418 1294 1480 motiones.
1338 1418 1418 1481 item
1445 1416 1525 1481 aliae

381 1517 512 1601 regulae
544 1516 672 1600 aliaque
704 1524 861 1601 tympana
893 1516 935 1578 ad
969 1516 1107 1578 eundem
1141 1516 1273 1581 modum
1301 1518 1435 1582 dentata
1463 1542 1525 1582 una

381 1620 524 1684 motione
553 1626 665 1679 coacta
687 1615 849 1679 versando
878 1616 1005 1680 faciunt
1033 1618 1167 1681 effoetus
1195 1620 1437 1707 varietatesque
1460 1644 1523 1685 mo·

333 1733 364 1781 10
381 1722 517 1800 tionum,
542 1721 575 1781 in
598 1718 724 1803 quibus·
738 1727 911 1782 moventur
933 1717 1052 1803 sigilla,
1077 1729 1249 1784 vertuntur
1269 1732 1387 1807 metae,
1411 1721 1523 1787 calculi

381 1830 438 1884 aut
461 1843 522 1885 ova
545 1821 756 1905 proiciuntur,
780 1820 917 1882 bucinae
940 1830 1071 1903 canunt,
1094 1819 1283 1908 reliquaque
1305 1845 1455 1909 parerga.
1491 1825 1552 1887 ino

383 1923 433 1985 his
457 1923 555 1984 ctiam
576 1930 632 1984 aut
654 1922 689 1984 in
712 1919 860 1984 columna
881 1929 937 1983 aut
960 1924 1155 2007 parastatica
1170 1922 1268 1987 horae
1283 1923 1522 2007 describuntur,

382 2046 461 2108 quas
491 2021 635 2107 sigillum
662 2022 834 2108 egrediens
862 2021 904 2084 ab
932 2024 997 2086 imo
1026 2022 1157 2107 virgula
1184 2025 1348 2108 signifieat
1376 2028 1410 2090 in
1439 2028 1522 2091 diem
1570 2078 1574 2088 .

381 2135 494 2189 toturn.
534 2147 669 2210 quarum
693 2124 871 2187 brevitates
894 2133 950 2187 aut
973 2126 1168 2189 crescentias
1188 2147 1363 2191 cuneorum
1378 2129 1522 2193 adiectus

332 2239 362 2287 15
380 2236 436 2290 aut
459 2236 628 2311 exemptus
651 2228 685 2289 in
708 2224 846 2309 singulis
871 2226 988 2289 diebus
1012 2235 1044 2289 et
1066 2227 1232 2291 mensibus
1255 2229 1411 2316 perficere
1427 2233 1521 2315 cogit.

380 2328 620 2415 praeclusiones
642 2348 799 2413 aquarum
821 2327 863 2389 ad
885 2328 1131 2414 temperandum
1154 2330 1200 2392 ita
1221 2340 1297 2393 sunt
1317 2334 1521 2396 constitutae.

380 2440 486 2494 metae
514 2429 596 2493 fiunt
625 2430 724 2509 duae,
754 2449 819 2492 una
848 2427 953 2492 solida
980 2451 1046 2491 una
1073 2452 1169 2512 cava,
1204 2453 1245 2493 ex
1267 2440 1360 2497 torno
1383 2434 1430 2497 ita
1453 2457 1521 2520 per-

345 2557 348 2561 *
380 2532 485 2595 fectae
506 2542 543 2594 ut
564 2530 629 2594 alia
650 2532 685 2594 in
712 2530 808 2593 aliam
837 2531 920 2592 inire
943 2532 1183 2617 convenireque
1205 2533 1324 2617 possit,
1354 2544 1387 2598 et
1410 2535 1522 2599 eadem

379 2633 492 2718 regula
518 2633 640 2697 laxatio
670 2655 781 2696 earum
812 2639 868 2693 aut
897 2634 1053 2695 coartatio
1077 2632 1198 2695 efficiat
1220 2645 1276 2698 aut
1298 2636 1522 2700 vehementem

330 2745 436 2798 soant
458 2734 563 2796 lenem
585 2735 620 2797 in
643 2756 680 2796 ea
702 2755 781 2797 vasa
802 2754 905 2818 aquae
927 2732 1117 2797 influentem
1144 2757 1285 2799 cursum.
1330 2738 1378 2801 ita
1399 2738 1452 2803 his
1474 2762 1521 2801 ra-

380 2837 524 2900 tionibus
548 2846 580 2898 et
601 2835 839 2898 machinatione
862 2857 904 2897 cx
925 2856 1009 2919 aqua
1032 2847 1267 2921 componuntur
1280 2838 1523 2924 horologiorum

380 2938 422 3003 ad
451 2937 623 3001 hibernum
651 2958 744 2999 usum
773 2935 1021 3000 conlocutiones.
1067 2938 1118 2999 sin
1146 2948 1254 3002 autern
1282 2940 1522 3005 adiectionibus
1540 2935 1589 3026 7'¹

380 3050 412 3103 et
434 3026 690 3103 detractionibus
714 3038 932 3125 correptiones
956 3038 1082 3100 dierum
1104 3049 1160 3103 aut
1183 3043 1381 3105 crescentiae
1403 3064 1448 3106 ex
1469 3065 1522 3106 cu-

380 3144 450 3206 neis
472 3165 537 3206 non
559 3140 785 3227 probabuntur
806 3138 893 3220 fieri,
925 3139 1013 3224 quod
1036 3142 1130 3202 cunei
1158 3143 1348 3227 saepissime
1371 3145 1455 3207 vitia
1476 3145 1523 3208 la·

329 3257 362 3304 aa
381 3246 470 3307 ciunt
477 3293 484 3325 ,
510 3245 556 3307 sic
579 3243 641 3305 crit
664 3240 904 3327 explicandum.
951 3243 986 3304 in
1007 3239 1176 3304 columella
1198 3243 1295 3307 horae
1319 3266 1361 3328 ex
1381 3244 1523 3309 analem-

379 3348 475 3407 matis
498 3355 684 3407 transverse
706 3343 942 3422 describantur,
965 3352 1215 3429 menstruaeque
1233 3344 1339 3408 lineae
1354 3347 1525 3411 columella

380 3448 560 3529 signentur.
608 3436 709 3530 eaque
737 3443 886 3508 columna
913 3443 1077 3507 versatilis
1106 3445 1307 3529 perficiatur,
1336 3450 1386 3511 uti
1414 3451 1458 3512 ad
1481 3451 1524 3512 si·

450 3673 462 3719 1
482 3675 553 3720 terre
572 3669 652 3719 b'rala
672 3670 701 3720 G,
725 3664 737 3734 ΙΙ
760 3671 775 3717 2
795 3683 925 3732 percursa
945 3668 1056 3732 (peursu
1074 3668 1123 3732 L):
1146 3684 1248 3732 peussu
1269 3671 1321 3720 GH
1337 3668 1392 3737 (le).
1416 3668 1429 3738 ΙΙ
1453 3689 1523 3739 aque

379 3755 473 3806 sordes
491 3770 543 3804 nec
560 3771 580 3802 r.
600 3762 658 3804 ante
677 3769 744 3804 corr.
767 3754 794 3802 G.
820 3750 832 3818 Η
855 3757 1016 3818 opturentur
1033 3753 1063 3801 H
1080 3750 1137 3813 (Le,
1156 3755 1213 3803 obt.
1226 3753 1260 3817 l):
1280 3755 1448 3807 obdurentur
1467 3758 1497 3812 G.
1510 3755 1522 3823 ll

380 3844 395 3890 3
415 3840 557 3905 scaphium
579 3839 671 3888 Tura:
701 3838 834 3902 scaphum
859 3835 921 3900 (aa
942 3837 973 3901 G)
1001 3837 1058 3886 GH.
1082 3832 1094 3901 [Ι
1123 3839 1139 3887 5
1162 3843 1204 3888 est
1226 3838 1324 3904 regula
1343 3866 1374 3874 —
1394 3842 1524 3904 perfecta

380 3926 464 3975 Mon:
495 3923 623 3988 {regula
645 3921 779 3973 versatile
803 3924 935 3986 tympani]
955 3921 980 3971 d.
1000 3937 1024 3972 a.
1044 3925 1107 3970 sunt
1128 3922 1255 3986 perfecta
1273 3923 1331 3973 GH.
1353 3920 1367 3990 ΙΙ
1392 3928 1423 3974 ll
1448 3926 1522 3975 buci·
1559 3987 1562 3992 Ι

379 4024 444 4060 nae:
464 4013 500 4058 sie
515 4009 573 4058 GH.
590 4003 601 4073 ΙΙ
620 4011 650 4058 13
664 4023 732 4070 quas
751 4008 821 4056 Jeet
846 4004 946 4070 quae(e
967 4005 998 4068 G)
1018 4005 1076 4054 GH.
1099 4001 1110 4069 ΙΙ
1132 4005 1252 4071 sigillum
1270 4008 1300 4056 H
1317 4006 1403 4072 (Lle):
1428 4007 1522 4071 sililld

381 4112 410 4160 G.
435 4109 446 4176 Η
470 4113 501 4160 14
521 4125 633 4174 quarum
652 4111 721 4159 Joc.:
742 4123 853 4172 qnorum
869 4107 926 4157 GH.
951 4103 962 4171 ΙΙ
987 4107 1018 4155 16
1037 4098 1140 4172 aq'alrir
1160 4108 1210 4157 Hc,
1233 4104 1245 4174 ΙΙ
1274 4110 1305 4157 17
1323 4107 1393 4158 finnt
1411 4145 1419 4159 .
1434 4147 1461 4160 ..
1480 4126 1523 4160 so-

378 4193 434 4242 lida
452 4210 508 4243 una
528 4210 608 4244 cava:
637 4196 674 4243 sie
694 4195 751 4246 GH.
780 4189 791 4258 ll
821 4196 935 4242 extorna
959 4198 1017 4240 onte
1040 4207 1110 4241 corr.
1130 4192 1159 4241 G.
1183 4188 1195 4258 ΙΙ
1223 4195 1256 4242 20
1278 4192 1339 4242 leue
1364 4193 1395 4246 G.
1417 4190 1430 4260 [l
1454 4210 1523 4244 vasa

379 4294 469 4343 aquae
488 4280 543 4328 ed:
566 4293 707 4341 vasaquae
725 4279 754 4328 H
772 4276 827 4339 (eli,
851 4291 920 4326 vasa
944 4281 1041 4341 quaele
1059 4281 1076 4334 Ι)
1093 4276 1152 4339 LI),
1176 4293 1226 4328 vas
1245 4293 1314 4344 aqua
1333 4279 1363 4328 G.
1388 4276 1401 4345 ΙΙ
1424 4283 1457 4329 22
1477 4293 1524 4331 cu·

379 4380 491 4414 neotum
516 4364 717 4414 adiectionibus
803 4361 978 4412 crescentiae
1007 4377 1039 4410 ex
1069 4362 1165 4411 cuneis
1189 4377 1244 4411 non
1265 4361 1438 4426 probabuntl
1464 4365 1525 4414 fieri

380 4449 415 4515 qd
433 4449 515 4499 cunei
539 4449 589 4498 GH
610 4448 770 4510 (cuneorum
792 4465 838 4514 epo
861 4447 953 4505 delevi,
979 4461 1012 4496 cx
1035 4445 1131 4494 cuneis
1153 4454 1178 4495 et
1200 4445 1261 4494 fieri
1284 4448 1333 4498 del.
1353 4446 1432 4510 doe).
1454 4444 1467 4514 ll
1491 4451 1524 4498 23

348 4545 349 4549 ’
380 4533 560 4598 correptionis
578 4541 636 4582 ante
655 4550 722 4583 corr.
743 4533 772 4582 G.
792 4529 805 4598 [l
828 4534 860 4582 25
879 4549 913 4582 ex
932 4529 1123 4580 analemmatis
1141 4532 1182 4580 ed.
1202 4527 1248 4592 (ef.
1267 4532 1379 4592 236‚2):
1398 4514 1525 4582 —matos
1598 4568 1601 4575 -

381 4619 439 4668 GH.
463 4614 474 4683 ll
497 4618 530 4666 ‘26
548 4617 638 4667 lineae
659 4615 816 4667 columella:
835 4619 873 4665 sic
892 4616 943 4665 GH
962 4614 1001 4677 (in
1021 4613 1072 4664 col.
1091 4613 1152 4678 ed).
1176 4610 1188 4679 ll
1210 4615 1243 4663 27
1262 4614 1389 4663 columna
1410 4614 1525 4679 (—lima

381 4701 431 4763 H):
449 4703 487 4749 sic
506 4702 563 4754 GH.
