3784 5625
688 645 735 690 nn
758 644 1025 692 sncnirncruss
1047 648 1116 693 nm.
1142 650 1173 695 v.
1428 611 1498 699 '121

313 819 347 883 ll)
445 798 529 862 Cum
543 794 746 861 haecomnia
761 820 886 861 summa
908 820 986 861 cura
1008 798 1216 887 sollertiaque
1235 804 1397 891 explicata
1413 814 1500 887 sunt,

358 911 436 964 tunc
464 900 562 963 etiarn
588 898 779 982 diligentius
806 910 855 962 est
881 900 1211 967 animadvertendum
1239 907 1288 970 uti
1311 906 1354 969 sit
1376 904 1499 969 electus

356 1001 465 1084 locus,
488 1002 522 1063 in
545 1020 607 1085 quo
627 998 746 1064 ,leniter
767 1000 908 1087 adplicet
930 1024 966 1066 se
988 1023 1055 1066 vox
1075 1026 1181 1091 neque
1202 1005 1333 1093 repulsa
1353 1006 1501 1069 resiliens

357 1105 498 1167 incertas
525 1100 660 1165 auribus
688 1101 808 1165 referat
830 1103 1098 1187 significationes.
1147 1117 1224 1175 sunt
1246 1108 1334 1170 enirn
1354 1108 1501 1173 nonnulli

358 1204 422 1269 loci
444 1201 636 1267 neutraliter
657 1202 861 1289 inpedientes
884 1206 975 1268 vocis
998 1214 1121 1287 motus,
1145 1209 1194 1271 uti
1216 1207 1421 1273 dissonantes
1445 1211 1536 1296 quio

358 1316 484 1391 graece
504 1303 658 1368 dicuntur
685 1327 923 1387 κατηχουντες,
952 1306 1227 1373 circumsonantes
1257 1311 1313 1395 qui
1334 1310 1423 1396 apud
1446 1333 1501 1376 eos

321 1407 326 1425 ¹
359 1408 568 1471 nominantur
589 1427 838 1489 περιηχουντες,
860 1407 940 1470 item
961 1418 1150 1472 resonantes
1173 1411 1230 1495 qui
1251 1410 1404 1475 dicuntur
1425 1434 1500 1475 avs-

360 1531 537 1592 ηχουντες,
565 1516 843 1593 consonantesque
863 1530 943 1594 quos
965 1508 1132 1595 appellant
1159 1526 1399 1594 συνηχουντας.
1435 1513 1500 1576 dis-

360 1618 513 1674 sonantes
541 1618 618 1673 sunt
644 1610 680 1672 in
702 1609 819 1695 quibus
843 1629 910 1672 vox
932 1611 1133 1695 primarcum
1156 1620 1205 1675 est
1227 1611 1312 1676 elata
1333 1614 1369 1677 in
1390 1612 1501 1676 altitu·

361 1711 486 1793 dinem,
510 1710 631 1775 offensa
647 1711 869 1797 superioribus
890 1710 1004 1775 solidis
1027 1712 1216 1800 corporibus
1238 1713 1432 1800 repulsaque
1453 1736 1502 1777 re·
1522 1732 1554 1780 10

328 1812 472 1884 ssidens
495 1813 616 1875 inimo
639 1813 794 1899 opprimit
815 1812 1014 1898 insequentis
1037 1815 1128 1878 vocis
1151 1814 1338 1896 elationem,
1367 1816 1503 1879 circum-

361 1923 512 1979 sonantes
539 1922 649 1978 autem
676 1915 711 1977 in
738 1912 857 1999 quibus
883 1915 1158 2000 circumvagando
1181 1926 1293 1981 coacta
1315 1915 1505 1980 exolescens

361 2018 397 2080 in
417 2015 542 2096 medio,
558 2016 638 2092 ,sine
660 2016 816 2079 extremis
839 2016 969 2080 casibus
992 2038 1111 2081 sonans
1139 2017 1187 2080 ibi
1214 2019 1428 2103 extinguatur
1454 2018 1504 2101 in-

361 2126 451 2181 certa
465 2115 640 2181 verborum
655 2116 905 2201 significatione,
928 2128 1117 2184 resonantes
1133 2141 1211 2183 vero
1232 2122 1268 2184 in
1290 2119 1408 2205 quibus
1431 2139 1506 2201 curn

362 2222 396 2284 in
423 2218 530 2283 solido
556 2227 645 2282 tactu
674 2240 828 2305 percussa
855 2218 997 2300 resiliat,
1025 2220 1185 2304 imagines
1214 2219 1426 2307 exprimendo
1447 2241 1505 2282 no·
1524 2238 1556 2285 15

363 2322 516 2385 vissimos
532 2342 626 2383 casus
642 2318 787 2405 duplices
810 2320 910 2383 faciat
931 2320 1056 2384 auditu.
1100 2322 1179 2384 item
1201 2330 1414 2385 consonantes
1430 2328 1506 2383 sunt

363 2425 398 2487 in
425 2421 545 2509 quihus
572 2420 614 2483 ab
637 2422 712 2485 imis
733 2420 891 2497 auxiliata
913 2442 986 2484 cum
1008 2422 1207 2486 incremento
1230 2422 1390 2486 scandens
1413 2441 1505 2505 egre-

364 2526 475 2589 diatur
502 2522 544 2586 ad
571 2544 666 2587 aures
695 2522 820 2586 diserta
847 2522 1021 2586 verborum
1043 2523 1201 2587 claritate.
1244 2524 1292 2586 ita
1314 2524 1342 2586 si
1364 2524 1399 2585 in
1419 2520 1505 2585 loco-

362 2649 435 2690 rum
463 2624 621 2688 electione
647 2622 748 2687 fuerit
775 2622 916 2708 diligens
939 2625 1202 2705 animadversio,
1231 2624 1421 2688 emendatus
1444 2623 1507 2686 erit

363 2725 540 2816 prudentia
553 2725 595 2788 ad
618 2724 791 2788 utilitatem
813 2726 848 2788 in
870 2725 1006 2788 theatris
1028 2728 1119 2790 vocis
1142 2726 1285 2789 effectus.
1329 2725 1507 2790 formarum
1524 2744 1558 2791 20

364 2839 474 2894 autem
496 2828 731 2914 descriptiones
754 2829 840 2891 inter
861 2849 896 2890 se
918 2819 1163 2892 discriminibus
1185 2827 1236 2892 his
1260 2837 1355 2891 erunt
1376 2836 1507 2892 notatae

364 2933 413 2996 uti
428 2951 576 3016 quae'ex
597 2929 764 3015 quadratis
787 2929 1009 3013 designentur,
1033 2929 1232 2994 Graecorum
1253 2929 1395 2992 habeant
1416 2951 1507 3011 usus,

365 3034 485 3098 Latina
497 3054 515 3094 e
526 3030 659 3118 paribus
671 3030 827 3095 lateribus
840 3032 1052 3115 trigonorum.
1075 3034 1122 3096 ita
1132 3031 1184 3095 his
1197 3029 1507 3119 praescriptionibus

366 3136 423 3199 bui
451 3133 593 3199 voluerit
620 3133 683 3214 uti,
708 3131 894 3196 emendatas
917 3133 1037 3197 efficiet
1060 3135 1258 3197 theatrorum
1281 3133 1509 3219 perfectiones.

313 3256 346 3320 x)
451 3235 532 3300 Post
546 3255 695 3297 scaenam
709 3234 853 3319 porticus
869 3242 945 3298 sunt
961 3235 1217 3317 constituendae,
1235 3235 1283 3298 uti
1299 3256 1372 3297 cum
1387 3232 1507 3296 imbres
1520 3250 1559 3299 IX

366 3337 529 3424 repentini
550 3335 644 3399 ludos
667 3334 960 3422 interpellaverint,
983 3336 1101 3400 habeat
1122 3335 1260 3422 populus
1284 3357 1347 3423 quo
1369 3357 1406 3398 se
1427 3335 1509 3398 reci·
1526 3351 1559 3400 26

436 3566 450 3612 1
470 3565 547 3610 sunt:
565 3561 603 3610 sic
622 3560 681 3609 GH.
698 3555 740 3624 [12
760 3555 994 3622 aniadverltsndii
1014 3559 1119 3625 G(ante
1131 3576 1199 3611 corr.
1214 3563 1257 3625 qai
1267 3560 1362 3610 clarius
1379 3560 1511 3624 expressit

369 3649 509 3731 dirisi—l:
528 3663 601 3711 enim
613 3658 672 3724 (eni
686 3655 692 3725 Ι
708 3661 745 3723 H)
760 3660 955 3710 advertendum
974 3663 1002 3710 H
1013 3663 1074 3724 (ch).
1091 3659 1103 3727 ll
1118 3664 1161 3712 uti
1173 3664 1209 3712 sit
1222 3661 1405 3712 decussas:
1425 3660 1511 3710 utise·

368 3748 458 3799 lectus
477 3746 565 3811 (-tos
584 3746 622 3810 H)
644 3745 695 3795 GH
713 3745 755 3809 (L,
774 3750 805 3795 ut
824 3747 847 3794 is
866 3745 971 3795 electus
991 3747 1107 3809 Gclstlc).
1123 3742 1135 3811 ΙΙ
1155 3749 1171 3795 6
1190 3747 1265 3811 greci
1284 3754 1343 3795 ante
1361 3761 1429 3795 corr.
1451 3745 1481 3798 6.
1496 3741 1507 3807 ll

370 3834 523 3882 caticontes
537 3830 587 3880 GH
597 3828 638 3892 (tc,
650 3828 876 3893 catichontesL).
893 3845 986 3893 praece
997 3846 1048 3880 sm:
1059 3832 1116 3882 Joc.
1131 3831 1199 3892 (item
1207 3829 1301 3894 ςυρψ).
1317 3827 1329 3895 ΙΙ
1346 3830 1511 3893 iperiecon-

370 3922 411 3965 tes
426 3917 456 3978 6,
466 3915 629 3965 —echontes
643 3914 670 3962 H
682 3914 735 3973 (Li,
748 3914 910 3963 -ethontes
920 3915 970 3978 ch).
984 3911 996 3980 Η
1013 3915 1191 3964 anteehontes
1205 3914 1263 3966 GH.
1275 3909 1287 3980 ΙΙ
1298 3913 1511 3976 8synechontas

370 4002 398 4050 H
409 3998 457 4064 (ic)
467 4016 474 4050 ε
486 3998 664 4049 sinechontes
678 3999 707 4048 6.
725 3995 737 4064 Η
755 4001 787 4049 10
796 3998 941 4064 superibus
951 4005 1010 4048 ante
1023 4016 1091 4051 corr.
1105 3999 1135 4048 6.
1152 3994 1164 4064 ΙΙ
1181 3997 1288 4062 repulso
1297 4005 1357 4046 ante
1369 4011 1438 4046 corr.
1449 3995 1479 4044 6.
1494 3991 1507 4057 ll

368 4084 495 4135 residens
515 4083 537 4133 6
555 4081 639 4145 (Llc):
658 4082 781 4133 resident
794 4082 830 4133 H.
846 4079 859 4147 H
875 4085 906 4131 11
925 4083 1008 4132 inimo
1021 4085 1050 4131 H
1062 4081 1181 4146 (6⁶Ll0):
1199 4081 1357 4130 inimicale
1369 4078 1481 4145 carad.
1495 4073 1508 4141 ΙΙ

370 4171 401 4219 12
421 4168 581 4220 exolescens
599 4183 659 4232 eqo:
678 4166 822 4218 exsolvens
841 4167 893 4216 GH
910 4164 975 4229 (vox
992 4182 1021 4216 se
1040 4166 1151 4217 solvens
1169 4165 1245 4226 doc).
1273 4161 1286 4229 ll
1314 4166 1346 4214 13
1365 4162 1509 4227 extingua-

369 4259 426 4304 tur:
453 4256 492 4304 sic
516 4253 575 4303 611.
598 4249 610 4317 ΙΙ
638 4254 669 4301 15
689 4250 887 4302 resiliamus:
911 4249 1041 4300 resiliant
1064 4251 1115 4300 GH
1138 4246 1194 4312 (Li,
1217 4247 1343 4298 resilient
1369 4245 1419 4308 ch).
1442 4242 1455 4311 ΙΙ
1479 4247 1511 4295 16

369 4339 458 4390 iaciat
479 4339 561 4387 Lon:
583 4336 691 4386 faciunt
709 4336 767 4386 611.
791 4331 803 4400 ΙΙ
826 4335 857 4382 18
875 4333 979 4382 diserta
997 4337 1032 4383 lc:
1057 4334 1175 4383 disserta
1199 4333 1249 4382 GH
1273 4329 1329 4396 (L).
1349 4327 1361 4396 ll
1384 4332 1417 4380 20
1435 4330 1511 4380 vocis

371 4424 424 4474 GH
441 4424 489 4488 (L,
508 4420 578 4470 locis
595 4421 639 4484 lc).
659 4416 671 4486 ΙΙ
691 4422 723 4470 22
742 4424 772 4468 ut
789 4432 860 4480 quae
878 4418 949 4469 doci
973 4417 1067 4481 itaque
1086 4418 1136 4467 GH
1154 4415 1309 4482 (latisque
1322 4416 1363 4473 6⁶,
1377 4414 1511 4478 ita.quia

370 4508 414 4571 L).
435 4503 447 4574 ΙΙ
469 4507 648 4571 designentur
666 4505 694 4552 H
712 4501 796 4567 (Llc):
816 4507 951 4550 -nantur
970 4498 1028 4567 611
1049 4502 1172 4552 habeant
1189 4502 1218 4549 H
1232 4500 1315 4564 (Lic):
1333 4498 1438 4548 hahent
1456 4498 1485 4547 6.
1496 4495 1510 4564 Η

369 4593 404 4642 23
421 4591 526 4641 Latina
545 4605 560 4640 e
579 4587 665 4652 (Lar.)
685 4588 798 4653 paribus
817 4584 913 4648 (decbr
931 4584 1019 4635 latine
1039 4583 1118 4652 (—-nc
1140 4587 1173 4636 6⁶
1190 4601 1244 4635 cam
1261 4585 1303 4647 ch)
1331 4582 1439 4633 taribus
1461 4583 1515 4634 611

372 4692 416 4755 (L,
434 4691 524 4742 latine
544 4691 613 4740 raris
632 4688 675 4754 le).
698 4686 710 4755 ΙΙ
737 4691 770 4740 26
789 4672 872 4751 quoio
892 4687 935 4741 6⁶.
