3784 5625
381 673 423 739 60
791 651 797 661 ’
870 688 1028 737 vrruuvn

381 828 550 908 materiam
579 843 689 927 virgas
712 840 1029 930 comprehendisset,
1052 841 1095 905 ad
1116 840 1242 907 caelum
1265 841 1395 906 sublata
1418 842 1525 908 effecit

381 946 565 1032 opinionem
598 945 646 1007 uti
680 942 847 1008 videretur
878 945 944 1007 iam
977 952 1046 1008 tota
1077 943 1178 1009 moles
1208 944 1400 1010 concidisse.
1451 966 1524 1009 cum

380 1056 488 1112 autem
515 1068 552 1109 θα
574 1068 633 1133 per
655 1068 690 1110 se
713 1045 859 1110 extincta
881 1054 967 1109 esset
995 1054 1026 1109 et
1047 1046 1194 1132 requieta
1216 1047 1380 1132 turrisque
1401 1048 1525 1111 intacta

380 1149 601 1237 apparuisset,
625 1146 789 1211 admirans
806 1146 928 1211 Caesar
942 1148 1039 1211 iussit
1061 1157 1156 1211 extra
1177 1144 1315 1212 telorum
1335 1148 1525 1213 missionem

347 1266 433 1317 teos
466 1248 718 1315 circumvallari.
771 1250 881 1334 itaque
913 1249 1030 1312 timore
1066 1249 1170 1322 coacti
1203 1248 1360 1335 oppidani
1388 1271 1463 1314 cum
1491 1272 1524 1314 se

380 1353 600 1434 dedidissent,
629 1352 812 1438 quaesitum
838 1349 926 1413 unde
955 1360 1064 1414 essent
1092 1371 1130 1413 ea
1157 1348 1246 1436 ligna
1273 1372 1356 1437 quae
1383 1350 1427 1415 ab
1456 1353 1526 1436 igni

380 1478 445 1520 non
461 1454 677 1518 laederentur.
721 1462 800 1516 tuno
822 1452 852 1514 ei
875 1450 1182 1517 demonstraverunt
1203 1474 1256 1516 eas
1279 1451 1423 1535 arbores,
1447 1474 1525 1539 qua-

380 1579 452 1622 rum
474 1557 509 1619 in
530 1554 581 1618 his
610 1554 689 1618 locis
712 1554 873 1617 maximae
896 1563 972 1617 sunt
994 1554 1124 1639 copiae,
1149 1563 1180 1618 et
1203 1552 1277 1619 ideo
1299 1554 1334 1619 id
1356 1553 1525 1619 castellum

380 1659 560 1741 Larignum
592 1657 640 1721 uti
672 1656 822 1720 materies
855 1654 983 1740 larigna
1016 1665 1065 1720 est
1092 1654 1265 1743 appellata.
1314 1656 1395 1720 haec
1415 1666 1525 1721 autem

331 1772 363 1820 10
381 1781 440 1848 per
461 1758 588 1826 Padum
614 1758 804 1823 Ravennam
833 1756 1031 1842 deportatur.
1080 1758 1116 1820 in
1143 1756 1269 1828 colonia
1296 1758 1449 1823 Fanestri
1470 1759 1523 1823 Pi·

381 1862 469 1926 sauri
495 1858 651 1924 Anconae
678 1858 877 1945 reliquisque
904 1880 987 1945 quae
1013 1868 1089 1924 sunt
1116 1861 1151 1923 in
1174 1882 1211 1924 ea
1232 1860 1366 1944 regione
1387 1860 1523 1924 munici-

382 1964 445 2050 piis
473 1961 657 2050 praebetur.
708 1961 799 2025 cuius
829 1957 977 2024 materiei
1004 1962 1032 2023 si
1056 1971 1142 2026 esset
1163 1960 1302 2026 facultas
1324 1960 1523 2047 adportatio-

381 2065 478 2129 nibus
493 2062 536 2127 ad
556 2062 686 2144 urbem,
709 2062 872 2125 maximae
893 2061 1093 2128 haberentur
1114 2064 1148 2127 in
1170 2062 1328 2127 aedificiis
1350 2061 1522 2147 utilitates,

382 2176 414 2230 et
441 2168 469 2230 si
491 2189 556 2230 non
577 2165 612 2228 in
635 2186 744 2247 omne,
774 2172 860 2227 certe
881 2162 1013 2228 tabulae
1034 2166 1069 2228 in
1092 2164 1303 2249 subgrundiis
1331 2167 1455 2230 circum
1476 2166 1523 2229 in-

332 2279 364 2329 15
382 2268 468 2333 sulas
485 2268 513 2332 si
536 2277 645 2333 essent
667 2289 708 2332 ex
732 2288 770 2330 ea
791 2253 990 2350 conlocatae,
1012 2265 1054 2330 ab
1077 2267 1277 2331 traiectionis
1299 2266 1524 2333 incendiorum

380 2370 529 2435 aedificia
550 2368 695 2458 periculo
717 2368 943 2450 liberarentur,
966 2368 1053 2454 quod
1075 2390 1133 2432 eae
1154 2390 1259 2456 neque
1280 2368 1444 2433 flammam
1465 2391 1524 2433 nec

382 2472 554 2536 carbonem
581 2481 718 2560 possunt
744 2471 890 2557 recipere
916 2490 984 2540 nec,
1004 2470 1112 2534 facere
1139 2492 1197 2557 per
1224 2492 1268 2536 se.
1319 2481 1395 2536 sunt
1416 2473 1523 2536 autem
1540 2483 1568 2533 17

382 2596 439 2638 θαθ
467 2574 600 2638 arbores
635 2572 723 2638 foliis
752 2572 913 2637 similibus
942 2572 1028 2658 pini,
1060 2573 1212 2637 materies
1246 2594 1356 2637 earum
1384 2571 1522 2659 prolixa,

381 2674 563 2739 tractabilis
589 2676 639 2740 ad
671 2676 863 2739 intestinum
896 2696 976 2760 opus
1002 2696 1069 2739 non
1101 2676 1208 2739 minus
1235 2697 1332 2761 quam
1355 2676 1521 2763 sappinea,

332 2791 365 2840 ‘ro
382 2776 545 2862 habetque
572 2778 713 2840 resinam
739 2775 898 2862 liquidam
924 2774 1029 2840 mellis
1058 2774 1161 2842 Attici
1189 2774 1296 2843 colore
1318 2798 1404 2866 quae
1426 2780 1522 2844 etiam

382 2877 530 2942 medetur
550 2877 733 2963 phthisicis.

466 2980 518 3044 De
550 2980 688 3064 singulis
721 2978 894 3065 generibus
928 2960 1046 3067 quibus
1080 2981 1335 3069 proprietatibus
1364 2991 1522 3048 enatura

382 3103 490 3145 rerum
512 3081 687 3147 videantur
709 3104 779 3148 esse
808 3092 1012 3169 comparatae
1034 3083 1218 3170 quibusque
1239 3095 1452 3171 procreantur
1472 3107 1519 3148 ra·

381 3182 525 3247 tionibus
549 3185 695 3270 exposui.
746 3185 929 3271 insequitur
949 3185 1192 3250 animadversio
1214 3186 1294 3272 quid
1315 3188 1364 3251 ita
1385 3188 1544 3273 quaein

331 3299 364 3347 25
381 3287 461 3351 urbe
497 3309 653 3373 supernas
691 3286 811 3351 dicitur
846 3286 938 3352 abies
978 3287 1120 3353 deterior
1158 3298 1222 3370 est,
1260 3309 1343 3374 quae
1379 3288 1520 3353 infernas

438 3546 464 3607 Ι1
483 3526 601 3595 sublata
613 3544 645 3594 G:
666 3543 774 3594 sublati
792 3546 820 3594 H
840 3543 932 3608 (Gch,
953 3549 1043 3596 —tam
1056 3546 1084 3608 l).
1107 3541 1120 3613 ss
1144 3545 1235 3596 effecit
1253 3548 1306 3597 ert:
1327 3545 1416 3598 efficit
1434 3548 1491 3598 GH.
1507 3543 1518 3613 ll

381 3631 446 3677 2111
463 3629 527 3678 Lot.
550 3625 562 3694 ll
585 3628 664 3678 molis
682 3629 724 3678 H0
742 3627 795 3692 (lc).
822 3625 835 3696 ss
864 3631 1018 3681 concidisse
1039 3633 1060 3681 G
1078 3630 1135 3696 (lc):
1161 3629 1326 3681 concediss&
1344 3638 1403 3682 ante
1421 3648 1475 3682 ros.
1487 3633 1519 3691 H,

382 3711 542 3763 concedisse
559 3714 601 3763 H⁶
619 3711 674 3777 (L).
697 3710 710 3780 Η
732 3714 811 3765 3eaz'
825 3730 860 3764 ne
879 3722 938 3765 ante
957 3732 1025 3769 corr.
1047 3712 1198 3779 G(nepse).
1222 3712 1236 3781 ss
1258 3716 1395 3781 turrisque
1413 3717 1520 3767 intacta

381 3798 438 3848 doe.
459 3796 547 3862 (rec.):
567 3799 649 3848 turris
667 3800 776 3848 intacta
794 3800 845 3850 GH
868 3798 953 3865 (quasi
974 3815 1004 3850 re
1028 3801 1137 3864 quieta,
1160 3807 1188 3849 at
1205 3801 1279 3850 babet
1296 3798 1333 3866 t).
1357 3797 1369 3867 ΙΙ
1392 3802 1409 3851 5
1427 3816 1456 3852 se
1475 3802 1520 3852 de·

382 3881 525 3932 dedissent
543 3884 571 3931 H
589 3880 683 3947 (Gch,
702 3883 767 3933 sede
787 3883 928 3935 dedissent
945 3869 991 3944 Le,
1011 3883 1238 3949 sedeldedissent
1254 3885 1289 3949 l),
1309 3882 1521 3949 sedictidissent

381 3974 527 4018 antenore.
548 3967 577 4017 G.
597 3963 609 4034 Η
632 3968 774 4034 tquasitu
794 3973 837 4018 est
855 3970 886 4017 L.
915 3966 927 4034 11
956 3970 1126 4021 Smaximae
1149 3972 1189 4028 H,
1211 3985 1284 4020 -me
1309 3970 1330 4019 G
1354 3969 1442 4036 (-mq
1467 3967 1519 4034 6⁶),

329 4106 338 4117 κ
381 4053 450 4117 quod
467 4053 562 4117 duplici
586 4054 659 4104 modo
677 4053 789 4117 intellepi
804 4060 901 4117 potest,
925 4061 951 4104 et
969 4056 1105 4105 maximae
1128 4062 1153 4106 et
1171 4054 1297 4104 maxime.
1323 4051 1335 4120 ΙΙ
1362 4054 1438 4106 euti
1460 4070 1517 4119 ego:

380 4153 447 4203 item
466 4153 524 4204 GH.
548 4150 560 4220 Η
582 4152 659 4221 ligna
677 4160 737 4205 ante
754 4171 823 4208 corr.
836 4158 850 4213 1,
870 4155 974 4220 lirigna
991 4157 1029 4218 cb,
1048 4159 1107 4206 item
1124 4159 1145 4207 1⁶
1162 4159 1199 4206 sic
1216 4134 1303 4223 ligna.
1325 4153 1337 4223 ΙΙ
1361 4159 1394 4207 10
1412 4155 1518 4208 colonia

381 4238 450 4290 doe:
476 4239 581 4289 colonia
606 4241 664 4289 GH.
689 4236 700 4306 Η
729 4240 846 4290 fenestri
868 4247 928 4290 ante
950 4256 1019 4291 corr.
1041 4243 1069 4291 H.
1094 4237 1106 4307 ΙΙ
1131 4243 1162 4290 12
1185 4241 1312 4291 materiei
1332 4241 1404 4291 doc:
1433 4240 1518 4292 -ries

384 4321 441 4370 GH.
465 4317 476 4386 l}
500 4323 533 4371 14
550 4323 579 4372 in
597 4326 694 4385 ommis
718 4325 759 4384 H,
777 4324 885 4375 inomne
907 4325 927 4374 6
946 4323 997 4388 (LI,
1016 4308 1105 4376 inomd
1117 4326 1171 4390 old:
1191 4326 1294 4377 inomni
1312 4324 1354 4377 6⁶.
1377 4321 1392 4392 ss
1414 4327 1518 4377 15111-

382 4405 509 4456 iectionis
532 4407 615 4457 Man:
640 4408 731 4472 —nib3
751 4409 809 4461 GH.
832 4405 845 4474 ΙΙ
868 4409 899 4458 16
918 4424 969 4460 θαθ
987 4410 1057 4463 doe:
1082 4426 1116 4461 ea
1136 4411 1196 4462 GH.
1219 4408 1231 4476 [Ι
1259 4424 1349 4473 neque
1373 4411 1519 4461 carbonem

383 4491 412 4540 G.
440 4487 452 4555 Η
481 4493 512 4540 17
536 4493 717 4543 autema-sant
743 4500 803 4543 ante
830 4509 898 4544 corr.
929 4495 958 4546 G.
987 4491 999 4560 ΙΙ
1027 4497 1058 4545 18
1087 4509 1135 4545 θαθ
1157 4496 1197 4544 H:
1228 4495 1282 4546 hae
1311 4494 1333 4544 G
1360 4493 1405 4559 (ha
1429 4493 1479 4559 cli).
1505 4491 1516 4558 ΙΙ

383 4576 414 4622 19
432 4574 567 4639 sappinea
585 4576 654 4630 Joc.:
674 4578 792 4642 sappina
811 4579 839 4626 H
857 4576 982 4640 (G0L00b,
1001 4579 1101 4644 sepina
1112 4579 1155 4643 lc),
1173 4580 1287 4644 saprina
1299 4586 1359 4629 ante
1377 4593 1447 4628 corr.
1461 4578 1489 4628 H.
1504 4573 1516 4642 ΙΙ

381 4658 549 4708 toeneio.
574 4654 586 4723 ΙΙ
609 4661 640 4707 21
659 4659 768 4711 thisicis
788 4662 846 4711 GH.
869 4658 881 4727 ΙΙ
904 4665 936 4711 22
956 4669 1073 4713 enatura
1091 4665 1119 4715 H
1138 4662 1190 4731 (Li,
1203 4662 1327 4717 &natura
1345 4662 1399 4728 ot):
1421 4678 1455 4714 ea
1472 4677 1518 4711 na·

382 4743 445 4790 tura
465 4741 494 4793 G.
516 4737 529 4806 ll
551 4744 585 4792 24
602 4742 643 4792 ita
662 4755 734 4806 quae
752 4747 806 4797 eda
825 4745 895 4813 itaq3
915 4746 973 4799 GH.
