3784 5625
663 678 710 723 nn
733 676 999 724 Anonrrnerunn
1022 678 1091 722 urs.
1114 678 1148 722 x.
1414 661 1476 723 249

334 831 526 901 traiciuntur
555 852 596 893 ex
627 831 781 893 interiore
815 839 906 916 parte
939 852 997 915 per
1024 831 1093 893 eius
1126 828 1289 893 orbiculos
1323 852 1474 893 summos.

333 932 452 995 deinde
475 932 660 995 referuntur
682 932 724 994 ad
754 932 952 1018 superiorem
981 930 1134 995 trocleam
1158 940 1189 994 et
1216 931 1411 993 traiciuntur
1432 930 1474 993 ab

299 1034 495 1097 sextariore
523 1043 615 1119 parte
643 1035 676 1095 in
705 1034 891 1096 interiorem
920 1055 978 1119 per
1001 1032 1162 1097 orbiculos
1186 1033 1278 1096 imos.
1324 1054 1395 1093 cum
1419 1032 1473 1094 de-

333 1133 520 1205 scenderint
552 1133 594 1197 ad
629 1136 745 1215 imum,
781 1156 823 1197 ex
855 1134 1009 1197 interiore
1042 1144 1133 1219 parte
1165 1143 1197 1196 et
1231 1156 1289 1219 per
1317 1132 1475 1195 secundos

331 1234 494 1300 orbiculos
518 1234 731 1299 traducuntur
752 1236 786 1297 in
810 1249 991 1299 extremum
1007 1245 1038 1298 et
1060 1235 1244 1299 referuntur
1266 1236 1300 1297 in
1315 1256 1476 1297 summum
1494 1248 1510 1295 5

331 1338 373 1400 ad
401 1336 563 1401 orbiculos
592 1338 767 1419 secundos,
797 1338 925 1401 traiecti
952 1335 1089 1401 redeunt
1116 1337 1159 1400 ad
1192 1338 1307 1418 imum,
1340 1358 1381 1399 ex
1410 1337 1475 1399 imo

331 1439 516 1502 referuntur
537 1438 580 1501 ad
603 1448 715 1524 caput,
740 1438 867 1502 traiecti
890 1460 949 1525 per
965 1462 1106 1503 summos
1129 1440 1266 1502 redeunt
1288 1438 1338 1511 adl
1352 1437 1474 1500 machi-

331 1563 404 1603 nam
428 1540 536 1601 imam.
581 1542 615 1601 in
637 1540 746 1603 radice
768 1548 877 1602 autem
898 1540 1069 1604 machinae
1084 1540 1270 1605 conlocatur
1292 1541 1388 1604 tertia
1410 1549 1474 1603 tro-

332 1641 410 1704 clea.
456 1664 526 1703 eam
548 1650 657 1703 autern
674 1639 792 1705 Graeci
816 1663 1000 1723 eauyorw,
1024 1644 1127 1707 nostri
1148 1651 1347 1718 artemonem
1363 1639 1473 1727 appel-

330 1743 408 1806 lant.
465 1763 502 1805 ea
534 1742 655 1807 troclea
693 1742 850 1827 religatur
887 1742 930 1805 ad
964 1743 1133 1807 machinae
1170 1744 1314 1837 radicem
1349 1742 1473 1806 habens
1494 1756 1525 1803 16

331 1844 492 1908 orbiculos
516 1853 598 1924 tres,
627 1866 686 1930 per
707 1867 788 1930 quos
816 1846 946 1908 traiecti
969 1845 1062 1908 funes
1086 1845 1259 1909 traduntur
1287 1836 1473 1909 hominibus

331 1945 373 2008 ad
390 1945 586 2008 ducendum.
624 1948 670 2010 ita
693 1955 757 2009 tres
774 1946 904 2010 ordines
920 1947 1087 2011 hominum
1103 1946 1258 2011 ducentes
1275 1947 1346 2011 sine
1362 1955 1474 2030 ergata

281 2062 311 2108 16
332 2045 481 2110 celeriter
503 2070 584 2111 onus
606 2047 648 2109 ad
672 2071 831 2110 summum
853 2048 1046 2134 perducunt.
1097 2048 1158 2112 hoe
1180 2071 1282 2133 genus
1305 2048 1474 2112 machinae

331 2147 543 2235 polyspaston
564 2148 762 2236 appellatur,
792 2149 879 2234 qnod
901 2150 1012 2214 nmltis
1036 2149 1254 2214 orbiculorum
1278 2150 1472 2211 circumitio-

329 2250 427 2314 nibus
456 2260 488 2313 et
517 2249 708 2314 facilitatem
737 2274 894 2314 summam
922 2260 1066 2337 praestat
1095 2261 1127 2314 et
1155 2249 1364 2314 celeritatem.
1409 2273 1474 2313 una
1494 2265 1524 2312 15

328 2361 445 2424 autem,
459 2353 593 2416 statutio
621 2353 704 2435 tigni
731 2353 815 2415 hanc
841 2351 940 2415 habet
962 2352 1141 2416 utilitatem
1160 2351 1246 2438 quod
1275 2360 1350 2414 ante
1373 2374 1471 2437 quan-

329 2461 398 2517 tum
426 2451 505 2516 velit
534 2476 551 2515 6
579 2453 695 2517 dextra
723 2476 759 2516 ac
789 2454 921 2517 sinistra
949 2453 991 2517 ab
1023 2452 1124 2517 latere
1152 2452 1362 2540 proclinando
1391 2476 1472 2517 onus

329 2553 491 2641 deponere
513 2563 630 2640 potest.

415 2655 539 2719 Harum
562 2657 837 2720 machinationum
860 2658 1005 2721 omnium
1021 2679 1104 2743 quae
1119 2680 1217 2744 supra
1233 2668 1308 2722 sunt
1331 2659 1471 2745 scriptae
1547 2735 1551 2742 Ι

328 2760 469 2822 rationes
504 2781 569 2824 non
604 2758 699 2823 modo
733 2759 775 2821 ad
810 2757 868 2822 has
901 2780 952 2822 res
988 2760 1046 2823 sed
1079 2760 1178 2824 etiam
1210 2759 1252 2823 ad
1267 2821 1272 2829 ,
1288 2761 1470 2824 onerandas
1489 2748 1522 2822 66

329 2869 362 2924 et
395 2860 618 2924 exonerandas
653 2882 753 2924 naves
793 2869 868 2924 sunt
900 2871 1048 2947 paratae,
1088 2861 1172 2925 aliae
1206 2872 1347 2943 erectae,
1387 2862 1471 2927 aliae

328 2961 443 3048 planae
475 2963 509 3024 in
549 2962 723 3026 carchesiis
761 2960 972 3025 versatilibus
1009 2963 1204 3028 conlocatae.
1263 2988 1328 3028 non
1364 2967 1470 3029 minus

327 3055 398 3126 sine
431 3065 595 3148 tignorum
629 3064 847 3129 erectionibus
880 3065 914 3126 in
947 3064 1043 3150 plano
1077 3067 1175 3128 etiam
1205 3065 1316 3129 eadem
1345 3068 1471 3130 ratione

327 3174 360 3228 et
387 3167 574 3253 temperatis
604 3165 738 3229 funibus
768 3175 800 3228 et
826 3165 957 3230 trocleis
986 3166 1217 3231 subductiones
1244 3168 1377 3230 navium
1401 3168 1469 3230 efii-

329 3267 470 3331 ciuntur.
1488 3296 1521 3343 25

269 3386 303 3434 11
412 3368 484 3430 Non
509 3377 558 3431 est
579 3377 688 3432 autem
710 3368 852 3434 alienum
875 3371 972 3434 etiam
987 3369 1246 3459 Chersiphronos
1267 3372 1470 3456 ingeniosam
1484 3387 1522 3435 vl

325 3469 485 3531 rationem
509 3491 681 3556 exponere.
726 3473 753 3535 is
769 3474 854 3536 enim
878 3495 991 3560 scapos
1008 3473 1262 3537 columnarume
1284 3472 1470 3560 lapidicinis

325 3592 401 3632 cum
417 3569 589 3654 deportare
603 3570 849 3658 vellet-Ephesi
868 3574 912 3645 ad
934 3574 1063 3638 Dianae
1082 3577 1211 3658 fanum,
1235 3586 1367 3662 propter
1380 3598 1470 3660 mag·

324 3774 556 3784 ‚..----——--

327 3937 336 3948 ,
396 3889 464 3938 ‘tad
484 3891 619 3941 exteriore
637 3893 674 3942 H.
695 3890 707 3959 Η
730 3895 957 3961 &descenderint
974 3900 1015 3947 Hc
1042 3899 1087 3961 (16,
1108 3899 1292 3949 discenderint
1310 3899 1345 3956 lt,
1369 3903 1416 3949 sed
1434 3901 1469 3948 Μ

317 3973 544 4038 descenderint),
563 3975 761 4027 descenderent
782 3981 832 4030 GH
850 3979 908 4045 (red
921 3983 955 4031 G⁶
973 3981 1187 4047 discenderant).
1209 3978 1221 4046 Η
1243 3983 1259 4030 4
1278 3983 1359 4031 imum
1379 4001 1412 4033 ex
1431 3985 1469 4035 in·

326 4060 430 4112 teriora
449 4061 517 4111 doe:
543 4060 598 4110 irrui
618 4063 752 4112 exteriore
772 4061 931 4129 (exiteriore
954 4067 985 4126 G)
1006 4066 1063 4114 GH.
1089 4063 1100 4133 Η
1124 4066 1339 4116 5inextremi1:
1362 4071 1399 4117 sic
1419 4068 1470 4117 GH

327 4147 367 4208 (in
387 4145 548 4194 exteriorem
566 4142 642 4205 166).
667 4141 679 4211 Η
695 4148 717 4194 ’6
737 4149 930 4199 6616161661
955 4147 1067 4213 &pimo
1086 4152 1114 4198 H
1134 4149 1231 4214 (primo
1249 4148 1317 4215 ab),
1337 4155 1365 4200 et
1382 4152 1468 4216 primo
1493 4184 1506 4201 e

328 4231 358 4279 G.
381 4227 393 4295 Η
416 4232 430 4278 1
451 4233 533 4294 eaput
551 4229 674 4280 traiecti:
702 4233 740 4279 616
759 4230 816 4283 GH.
838 4229 850 4299 Η
873 4234 888 4282 8
908 4233 1081 4283 collocantur
1106 4241 1166 4284 ente
1187 4250 1256 4284 corr.
1278 4234 1305 4287 G.
1331 4232 1342 4301 Η
1365 4238 1381 4285 9
1406 4252 1469 4301 epa-

326 4317 412 4378 gonta
438 4315 496 4364 GH.
521 4309 532 4379 Η
561 4316 592 4363 10
616 4315 650 4363 ad
673 4315 817 4365 machinae
839 4318 907 4365 doc:
932 4315 1091 4367 adtrocleae
1111 4319 1169 4379 GH.
1198 4313 1210 4383 Η
1238 4320 1270 4367 14
1292 4319 1470 4385 polyspaston

325 4399 396 4447 doe:
416 4397 593 4464 polyspasiou
613 4400 670 4452 GH.
693 4395 704 4465 Η
729 4402 759 4450 11
779 4417 793 4449 6
811 4417 870 4464 epo:
896 4401 919 4450 a
940 4397 979 4463 (et
999 4401 1031 4465 G)
1052 4402 1110 4451 GH.
1134 4399 1145 4468 Η
1171 4402 1265 4452 dextre
1284 4406 1316 4452 16.
1339 4401 1350 4469 Η
1374 4405 1409 4454 ab
1428 4405 1469 4454 la-

327 4487 397 4532 tere:
429 4483 552 4534 61161616
574 4483 626 4532 GH
647 4482 707 4546 (hc,
727 4482 832 4534 alatere
849 4488 884 4542 16,
904 4485 1029 4534 adlatera
1049 4486 1083 4535 G⁶
1100 4495 1125 4536 et
1143 4494 1201 4536 ante
1219 4503 1287 4539 corr.
1306 4487 1349 4552 L).
1374 4486 1385 4554 Η
1408 4505 1468 4554 pro-

328 4565 470 4615 clinando:
490 4573 527 4616 sie
547 4569 604 4616 GH.
626 4565 638 4635 Η
661 4570 693 4617 22
713 4569 852 4619 6616116616
871 4571 898 4619 H
917 4568 964 4632 (L,
984 4569 1110 4620 cachesis
1128 4574 1169 4633 16),
1190 4573 1327 4622 carthesis
1347 4573 1377 4623 G.
1401 4569 1414 4638 Η
1436 4576 1468 4623 26

328 4648 545 4714 Chersiphronos
574 4652 662 4713 1-1116
689 4653 843 4716 Turnebur):
874 4653 1064 4719 crestiphonos
1089 4656 1147 4706 GH.
1174 4653 1186 4723 Η
1213 4659 1245 4706 27
1268 4658 1292 4707 is
1317 4658 1351 4708 G:
1380 4657 1423 4708 his
1441 4658 1469 4706 H

328 4732 409 4797 (hle).
430 4730 442 4799 Η
466 4735 651 4802 elapidieinis:
669 4739 707 4787 sie
727 4737 784 4788 GH.
809 4735 821 4805 Η
844 4741 877 4791 28
896 4738 1003 4805 ephesi:
1022 4741 1060 4789 616
1079 4739 1137 4793 GH.
