3784 5625
334 690 336 694 ’
441 661 501 724 124
539 717 542 723 .
716 726 719 729 ⁴
927 672 1086 723 virnuvn

439 830 573 911 dentur,
601 851 665 893 non
688 838 765 914 puto
789 827 925 891 dubium
948 827 1018 891 esse
1046 828 1125 914 quin
1148 828 1365 914 amplissimas
1389 839 1422 893 et
1444 833 1578 894 ornatis-

438 933 536 994 simas
559 930 621 993 sub
644 930 700 993 diu
718 930 983 1016 hypaethrasque
999 929 1160 994 conlocari
1175 940 1322 1015 oporteat
1337 932 1372 994 in
1386 931 1578 995 civitatibus

438 1031 687 1095 ambulationes.
733 1054 789 1094 eae
811 1041 919 1094 autem
941 1033 990 1095 uti
1014 1032 1080 1094 sint
1107 1052 1235 1116 semper
1263 1032 1368 1095 siccae
1391 1042 1423 1095 et
1445 1056 1510 1097 non
1531 1032 1610 1095 lii-7

439 1143 544 1214 tosae,
572 1134 620 1196 sic
647 1133 708 1196 erit
735 1132 931 1195 faciendum.
976 1132 1143 1196 fodiantur
1170 1141 1202 1195 et
1230 1134 1462 1198 exinaniantur
1484 1157 1579 1220 quarn

405 1235 607 1298 5altissime.
652 1233 769 1297 dextra
797 1243 896 1319 atque
924 1235 1057 1296 sinistra
1086 1233 1250 1297 structiles
1279 1234 1408 1298 cloacae
1430 1235 1512 1299 fiant
1532 1238 1578 1299 in-

438 1359 501 1423 que
535 1358 646 1400 earum
679 1335 857 1422 parietibus
895 1336 952 1419 qui
983 1335 1025 1397 ad
1058 1334 1313 1399 ambulationem
1349 1336 1578 1423 spectaverint,

438 1438 545 1501 tubuli
566 1439 771 1501 instruantur
791 1436 940 1500 inclinati
962 1436 1095 1520 fastigio
1118 1438 1153 1498 in
1174 1436 1310 1501 cloacas.
1353 1438 1404 1501 his
1427 1440 1579 1525 perfectis

438 1538 662 1625 compleantur
692 1560 730 1600 ea
759 1538 831 1602 loca
858 1537 1069 1619 carbonibus,
1109 1538 1229 1602 deinde
1264 1540 1397 1625 insuper
1425 1539 1579 1603 sabulone

439 1662 496 1704 eae
529 1639 765 1704 ambulationes
798 1648 985 1704 sternantur
1017 1649 1049 1703 et
1082 1649 1314 1725 exaequentur.
1369 1642 1417 1704 ita
1450 1650 1580 1726 propter

336 1751 339 1756 '
390 1754 421 1802 10
439 1740 616 1806 carbonum
645 1742 812 1805 raritatem
838 1740 1021 1805 naturalem
1050 1750 1083 1804 et
1110 1741 1298 1805 tubulorum
1325 1743 1360 1804 in
1382 1740 1509 1806 cloacas
1531 1744 1579 1805 in-

438 1844 649 1906 structionem
671 1843 876 1929 excipientur
903 1865 1059 1929 aquarum
1087 1842 1324 1925 abundantiae,
1353 1844 1454 1907 etita
1476 1845 1579 1907 siccae

438 1954 470 2008 et
493 1946 564 2032 sine
584 1966 696 2007 umore
718 1945 881 2029 perfectae
903 1943 1026 2007 fuerint
1046 1944 1295 2009 ambulationes.

375 2032 380 2041 ’
522 2045 695 2108 Praeterea
721 2046 756 2108 in
783 2044 835 2108 his
863 2045 1016 2130 operibus
1045 2045 1191 2110 thesauri
1223 2055 1300 2109 sunt
1327 2046 1519 2109 civitatibus
1546 2046 1611 2109 ins

439 2147 629 2210 necessariis
657 2146 754 2209 rebus
782 2147 1001 2210 amaioribus
1029 2149 1208 2211 constituti.
1253 2148 1288 2210 in
1315 2146 1578 2211 conclusionibus

389 2258 421 2307 15
440 2249 526 2312 enim
547 2247 665 2334 reliqui
688 2269 799 2312 omnes
821 2247 984 2311 faciliores
1007 2258 1083 2312 sunt
1097 2258 1272 2335 apparatus
1294 2271 1392 2334 quam
1406 2248 1578 2333 lignorum.

437 2349 487 2413 sal
509 2350 596 2413 enim
617 2349 714 2413 facile
736 2359 811 2413 ante
833 2351 1033 2435 inportatur,
1063 2352 1225 2414 frumenta
1251 2349 1382 2436 publice
1410 2351 1578 2436 privatim-

438 2474 501 2538 que
524 2452 710 2538 expeditius
739 2460 959 2536 congeruntur
981 2453 1064 2514 etsi
1086 2451 1181 2535 defit,
1210 2450 1376 2515 holeribus
1404 2474 1501 2515 carne
1522 2473 1579 2515 seu

437 2553 658 2638 leguminibus
681 2552 880 2633 defenditur,
903 2575 1006 2639 aquae
1028 2553 1164 2616 fossuris
1187 2562 1359 2639 puteorum
1381 2562 1414 2616 et
1435 2553 1476 2617 de
1492 2552 1579 2616 caelo

436 2655 614 2741 repentinis
649 2654 897 2740 tempestatibus
926 2676 968 2718 ex
996 2654 1115 2739 tegulis
1144 2655 1362 2740 excipiuntur.
1407 2654 1449 2718 de
1476 2653 1577 2739 ligna-

387 2764 420 2812 20
437 2757 525 2820 tione
548 2777 631 2842 quae
653 2757 795 2820 maxime
817 2758 1001 2820 necessaria
1024 2765 1073 2820 est
1095 2757 1137 2819 ad
1153 2756 1263 2820 cibum
1278 2755 1493 2842 coquendum,
1517 2755 1578 2820 dif-

437 2855 533 2921 ficilis
561 2866 593 2920 et
620 2855 756 2920 molesta
784 2867 833 2921 est
861 2860 1046 2944 apparatio,
1078 2857 1165 2944 quod
1189 2867 1221 2921 et
1242 2858 1338 2922 tarde
1360 2868 1579 2944 comportatur

438 2968 470 3021 et
492 2957 565 3043 plus
588 2959 799 3021 consumitur.
843 2961 879 3021 in
905 2960 1065 3024 eiusmodi
1093 2959 1292 3046 temporibus
1319 2969 1398 3022 tunc
1426 2981 1484 3023 eae
1511 2976 1607 3022 ama

437 3058 621 3124 bulationes
643 3060 833 3145 aperiuntur
855 3069 1079 3124 et·mcnsurae
1099 3060 1247 3125 tributim
1263 3060 1400 3145 singulis
1417 3060 1576 3146 capitibus

340 3183 343 3186 ’
437 3161 664 3246 designantur.
697 3162 745 3225 ita
766 3162 847 3225 duas
869 3184 921 3225 res
945 3164 1095 3246 egregias
1117 3162 1319 3248 hypaethroe
1340 3161 1576 3227 ambulationes

386 3272 419 3320 25
437 3272 614 3350 praestant,
637 3285 736 3326 unam
757 3265 792 3327 in
812 3259 892 3350 pace
912 3264 1126 3346 salubritatis,
1150 3262 1286 3326 alteram
1300 3265 1335 3326 in
1350 3261 1436 3326 bello
1452 3262 1576 3326 salutis.

438 3387 515 3449 ergo
552 3364 603 3428 his
639 3364 837 3429 rationibus·
861 3365 1120 3430 ambulationum
1157 3365 1390 3453 explicationes
1426 3387 1491 3428 non
1529 3387 1575 3428 so·

436 3465 506 3528 lum
528 3476 602 3550 post
624 3487 773 3529 scaenam
795 3467 915 3530 theatri
937 3468 995 3530 sed
1018 3469 1115 3531 etiam
1129 3468 1275 3538 omnium
1295 3467 1430 3529 deorum
1446 3466 1573 3553 templis

438 3566 570 3629 effectae
592 3589 726 3651 magnas
749 3568 938 3632 civitatibus
962 3578 1127 3654 praestare
1150 3577 1302 3654 poterunt
1323 3552 1494 3651 utilitates.

522 3667 686 3747 Quoniam
707 3667 787 3731 haec
809 3669 902 3732 nobis
926 3671 1005 3734 satis
1028 3668 1184 3733 videntur
1206 3691 1275 3732 esse
1298 3669 1463 3755 exposita,
1493 3690 1576 3731 nunc

394 3776 420 3825 X
437 3771 648 3856 insequentur
669 3768 873 3834 balinearum
894 3771 1144 3859 dispositionum
1167 3770 1470 3834 demonstrationes.
1513 3770 1576 3854 pri·

505 3924 636 3975 asubdiu
656 3924 706 3974 GH
729 3922 792 3988 (Ich,
811 3926 860 3975 sub
881 3926 943 3975 divo
967 3925 1039 3986 Lac).
1063 3922 1076 3991 ΙΙ
1099 3929 1184 3976 3eae
1208 3923 1251 3989 (ce
1271 3926 1301 3984 G,
1320 3942 1352 3990 ee
1372 3923 1417 3988 (1¹⁶)
1438 3925 1492 3974 GH
1514 3924 1575 3984 (hae

437 4029 475 4091 L,
493 4027 527 4093 hq
544 4022 588 4091 tc).
611 4021 624 4091 ΙΙ
650 4017 740 4098 luteis
765 4027 806 4076 6⁶.
829 3998 841 4093 ll
864 4029 880 4076 5
900 4032 981 4091 atque
1001 4027 1052 4076 GH
1074 4026 1121 4089 (L,
1150 4042 1183 4076 ac
1205 4025 1249 4089 lc).
1276 4022 1288 4091 ΙΙ
1313 4009 1331 4074 Ι7
1350 4024 1463 4075 cloacas
1487 4025 1573 4074 Selia:

438 4112 540 4162 cloacis
560 4111 618 4161 GH.
639 4106 651 4176 l}
671 4113 687 4162 8
705 4110 837 4161 sabulone
860 4126 910 4160 eae
929 4112 962 4159 H
981 4109 1162 4172 (sabuloneae
1180 4112 1216 4170 L,
1236 4110 1431 4175 sabulo.nehe
1453 4111 1492 4159 sic
1514 4108 1574 4169 leh):

437 4195 571 4245 sabulone
593 4195 627 4261 he
654 4196 683 4245 6.
708 4191 720 4261 ΙΙ
750 4196 781 4244 13
803 4195 946 4245 thensauri
971 4195 1024 4244 611
1043 4192 1179 4258 (thesauri
1201 4193 1277 4259 Llc).
1293 4190 1306 4259 ΙΙ
1331 4195 1363 4242 14
1386 4209 1404 4242 a
1427 4194 1575 4243 maioribus

437 4298 476 4346 ed.
500 4294 588 4359 (rec.):
617 4297 754 4346 amoribus
777 4296 836 4347 GH.
859 4293 872 4361 ΙΙ
898 4297 929 4346 17
953 4284 1136 4360 congerintur
1153 4298 1202 4346 H0.
1225 4292 1236 4360 [1
1260 4296 1283 4345 si
1301 4293 1367 4344 defit
1386 4291 1453 4358 (tide
1472 4294 1502 4343 fit
1519 4300 1575 4343 ante

437 4396 489 4430 ros.
510 4379 542 4443 6)
563 4381 613 4430 GH
630 4379 683 4444 (Li,
701 4397 748 4432 om.
761 4380 792 4429 cb
809 4381 851 4430 abi
866 4381 903 4429 sie
920 4382 1009 4430 mediis
1020 4382 1117 4432 ammae
1129 4382 1221 4445 lepitur
1235 4379 1419 4445 privatimque
1437 4379 1511 4427 suris
1528 4392 1574 4441 pu-

437 4464 567 4525 teorum):
586 4465 610 4513 si
628 4465 701 4514 desit
720 4465 761 4516 60.
784 4458 796 4530 ll
819 4467 859 4513 al·
872 4469 1051 4529 conportatur
1070 4465 1122 4514 GH
1138 4464 1195 4526 (Li,
1214 4468 1381 4528 conparatus
1400 4466 1476 4512 tatur
1493 4463 1524 4512 eli
1541 4476 1575 4510 ex

437 4551 507 4612 dupl.
526 4546 605 4613 lect).
628 4544 640 4613 ll
663 4551 695 4597 22
718 4564 769 4599 eae
792 4550 832 4598 H:
861 4549 914 4599 hae
938 4551 960 4600 G
983 4548 1061 4612 (Llc).
1085 4544 1097 4614 ll
1125 4550 1158 4597 24
1179 4548 1350 4612 hypaethrae
1367 4546 1575 4596 ambulationes

438 4633 494 4681 ed:
512 4633 630 4696 hypctra
647 4632 832 4682 ambulatione
851 4633 880 4690 6,
898 4631 1009 4697 hypbra
1028 4631 1241 4681 ambulationem
1261 4633 1296 4680 H.
1317 4627 1329 4694 ΙΙ
1352 4633 1385 4680 30
1402 4629 1576 4680 balinearum

437 4714 474 4771 Η,
492 4713 652 4764 balnearum
672 4716 693 4765 6
711 4712 790 4779 (Llc).
999 4712 1003 4723 '
1128 4725 1135 4731 ’
