<?xml version="1.0" encoding="UTF-8"?>
<!DOCTYPE html PUBLIC "-//W3C//DTD XHTML 1.0 Transitional//EN"
    "http://www.w3.org/TR/xhtml1/DTD/xhtml1-transitional.dtd">
<html xmlns="http://www.w3.org/1999/xhtml" xml:lang="en" lang="en">
 <head>
  <title>
</title>
<meta http-equiv="Content-Type" content="text/html;charset=utf-8" />
  <meta name='ocr-system' content='tesseract 3.04.00' />
  <meta name='ocr-capabilities' content='ocr_page ocr_carea ocr_par ocr_line ocrx_word'/>
</head>
<body>
  <div class='ocr_page' id='page_1' title='image "./vitruviidearchi01strgoog_0259.png"; bbox 0 0 3784 5625; ppageno 0'>
   <div class='ocr_carea' id='block_1_1' title="bbox 675 657 1492 723">
    <p class='ocr_par' dir='ltr' id='par_1_1' title="bbox 675 657 1492 723">
     <span class='ocr_line' id='line_1_1' title="bbox 675 657 1492 723; baseline 0.016 -13"><span class='ocrx_word' id='word_1_1' title='bbox 675 660 722 710; x_wconf 84' lang='lat' dir='ltr'>nn</span> <span class='ocrx_word' id='word_1_2' title='bbox 745 663 1012 714; x_wconf 63' lang='lat' dir='ltr'>memmerunt</span> <span class='ocrx_word' id='word_1_3' title='bbox 1037 669 1106 715; x_wconf 80' lang='lat' dir='ltr'>um.</span> <span class='ocrx_word' id='word_1_4' title='bbox 1130 671 1177 717; x_wconf 84' lang='lat' dir='ltr'>rx.</span> <span class='ocrx_word' id='word_1_5' title='bbox 1430 657 1492 723; x_wconf 80' lang='lat'>241</span> 
     </span>
    </p>
   </div>
   <div class='ocr_carea' id='block_1_2' title="bbox 292 815 1542 3554">
    <p class='ocr_par' dir='ltr' id='par_1_2' title="bbox 346 815 1526 1722">
     <span class='ocr_line' id='line_1_2' title="bbox 349 815 1494 912; baseline 0.01 -34"><span class='ocrx_word' id='word_1_6' title='bbox 349 815 385 878; x_wconf 94' lang='lat' dir='ltr'>in</span> <span class='ocrx_word' id='word_1_7' title='bbox 405 815 538 878; x_wconf 92' lang='lat' dir='ltr'>maioris</span> <span class='ocrx_word' id='word_1_8' title='bbox 562 816 711 902; x_wconf 81' lang='lat' dir='ltr'><strong>tympani</strong></span> <span class='ocrx_word' id='word_1_9' title='bbox 738 826 831 903; x_wconf 89' lang='lat' dir='ltr'>parte</span> <span class='ocrx_word' id='word_1_10' title='bbox 860 822 1040 906; x_wconf 83' lang='lat' dir='ltr'>capricorni</span> <span class='ocrx_word' id='word_1_11' title='bbox 1069 822 1189 885; x_wconf 79' lang='lat' dir='ltr'><strong>cotidie</strong></span> <span class='ocrx_word' id='word_1_12' title='bbox 1218 824 1346 909; x_wconf 88' lang='lat' dir='ltr'>singula</span> <span class='ocrx_word' id='word_1_13' title='bbox 1373 838 1494 912; x_wconf 90' lang='lat' dir='ltr'>puncta</span> 
     </span>
     <span class='ocr_line' id='line_1_3' title="bbox 349 915 1491 1007; baseline 0.011 -27"><span class='ocrx_word' id='word_1_14' title='bbox 349 927 499 999; x_wconf 85' lang='lat' dir='ltr'>tangens,</span> <span class='ocrx_word' id='word_1_15' title='bbox 523 915 565 978; x_wconf 89' lang='lat' dir='ltr'>ad</span> <span class='ocrx_word' id='word_1_16' title='bbox 588 917 857 1003; x_wconf 86' lang='lat' dir='ltr'>perpendiculum</span> <span class='ocrx_word' id='word_1_17' title='bbox 878 920 1003 985; x_wconf 91' lang='lat' dir='ltr'>habens</span> <span class='ocrx_word' id='word_1_18' title='bbox 1025 944 1128 1007; x_wconf 89' lang='lat' dir='ltr'>aquae</span> <span class='ocrx_word' id='word_1_19' title='bbox 1143 926 1302 990; x_wconf 84' lang='lat' dir='ltr'>currentis</span> <span class='ocrx_word' id='word_1_20' title='bbox 1318 927 1491 992; x_wconf 90' lang='lat' dir='ltr'>vehemens</span> 
     </span>
     <span class='ocr_line' id='line_1_4' title="bbox 347 1016 1491 1108; baseline 0.012 -30"><span class='ocrx_word' id='word_1_21' title='bbox 347 1017 492 1102; x_wconf 85' lang='lat' dir='ltr'>pondus,</span> <span class='ocrx_word' id='word_1_22' title='bbox 522 1016 670 1082; x_wconf 77' lang='lat' dir='ltr'>celeriter</span> <span class='ocrx_word' id='word_1_23' title='bbox 700 1041 759 1107; x_wconf 92' lang='lat' dir='ltr'>per</span> <span class='ocrx_word' id='word_1_24' title='bbox 786 1020 924 1085; x_wconf 84' lang='lat' dir='ltr'>orbiculi</span> <span class='ocrx_word' id='word_1_25' title='bbox 952 1022 1098 1087; x_wconf 82' lang='lat' dir='ltr'>foramen</span> <span class='ocrx_word' id='word_1_26' title='bbox 1125 1025 1160 1088; x_wconf 91' lang='lat' dir='ltr'>id</span> <span class='ocrx_word' id='word_1_27' title='bbox 1187 1027 1334 1090; x_wconf 79' lang='lat' dir='ltr'>extrudit</span> <span class='ocrx_word' id='word_1_28' title='bbox 1355 1028 1398 1091; x_wconf 91' lang='lat' dir='ltr'>ad</span> <span class='ocrx_word' id='word_1_29' title='bbox 1422 1051 1491 1108; x_wconf 80' lang='lat' dir='ltr'>vas,</span> 
     </span>
     <span class='ocr_line' id='line_1_5' title="bbox 349 1117 1492 1216; baseline 0.011 -35"><span class='ocrx_word' id='word_1_30' title='bbox 349 1117 436 1203; x_wconf 91' lang='lat' dir='ltr'>quod</span> <span class='ocrx_word' id='word_1_31' title='bbox 460 1118 628 1203; x_wconf 88' lang='lat' dir='ltr'>excipiens</span> <span class='ocrx_word' id='word_1_32' title='bbox 652 1142 738 1204; x_wconf 79' lang='lat' dir='ltr'>cam,</span> <span class='ocrx_word' id='word_1_33' title='bbox 768 1143 841 1185; x_wconf 93' lang='lat' dir='ltr'>cum</span> <span class='ocrx_word' id='word_1_34' title='bbox 865 1123 960 1187; x_wconf 91' lang='lat' dir='ltr'>brevi</span> <span class='ocrx_word' id='word_1_35' title='bbox 981 1126 1088 1210; x_wconf 90' lang='lat' dir='ltr'>spatio</span> <span class='ocrx_word' id='word_1_36' title='bbox 1110 1125 1279 1212; x_wconf 81' lang='lat' dir='ltr'>impletur,</span> <span class='ocrx_word' id='word_1_37' title='bbox 1304 1131 1438 1216; x_wconf 85' lang='lat' dir='ltr'>corripit</span> <span class='ocrx_word' id='word_1_38' title='bbox 1460 1142 1492 1193; x_wconf 92' lang='lat' dir='ltr'>et</span> 
     </span>
     <span class='ocr_line' id='line_1_6' title="bbox 347 1217 1526 1312; baseline 0.011 -31"><span class='ocrx_word' id='word_1_39' title='bbox 347 1219 510 1282; x_wconf 81' lang='lat' dir='ltr'>contrahit</span> <span class='ocrx_word' id='word_1_40' title='bbox 533 1217 660 1284; x_wconf 90' lang='lat' dir='ltr'>dicrum</span> <span class='ocrx_word' id='word_1_41' title='bbox 681 1224 808 1289; x_wconf 90' lang='lat' dir='ltr'>minora</span> <span class='ocrx_word' id='word_1_42' title='bbox 829 1226 936 1312; x_wconf 87' lang='lat' dir='ltr'>spatia</span> <span class='ocrx_word' id='word_1_43' title='bbox 960 1234 992 1289; x_wconf 91' lang='lat' dir='ltr'>et</span> <span class='ocrx_word' id='word_1_44' title='bbox 1012 1225 1175 1290; x_wconf 89' lang='lat' dir='ltr'>horarum.</span> <span class='ocrx_word' id='word_1_45' title='bbox 1213 1250 1285 1292; x_wconf 88' lang='lat' dir='ltr'>cum</span> <span class='ocrx_word' id='word_1_46' title='bbox 1308 1240 1417 1294; x_wconf 91' lang='lat' dir='ltr'>autem</span> <span class='ocrx_word' id='word_1_47' title='bbox 1440 1250 1526 1296; x_wconf 78' lang='lat' dir='ltr'>coa</span> 
     </span>
     <span class='ocr_line' id='line_1_7' title="bbox 346 1322 1492 1415; baseline 0.01 -30"><span class='ocrx_word' id='word_1_48' title='bbox 346 1322 473 1386; x_wconf 89' lang='lat' dir='ltr'>tidiana</span> <span class='ocrx_word' id='word_1_49' title='bbox 501 1324 686 1388; x_wconf 89' lang='lat' dir='ltr'>versatione</span> <span class='ocrx_word' id='word_1_50' title='bbox 722 1326 857 1390; x_wconf 92' lang='lat' dir='ltr'>minoris</span> <span class='ocrx_word' id='word_1_51' title='bbox 890 1329 1040 1413; x_wconf 84' lang='lat' dir='ltr'>tympani</span> <span class='ocrx_word' id='word_1_52' title='bbox 1073 1326 1197 1412; x_wconf 88' lang='lat' dir='ltr'>lingula</span> <span class='ocrx_word' id='word_1_53' title='bbox 1229 1330 1432 1415; x_wconf 84' lang='lat' dir='ltr'>ingredietur</span> <span class='ocrx_word' id='word_1_54' title='bbox 1458 1335 1492 1396; x_wconf 92' lang='lat' dir='ltr'>in</span> 
     </span>
     <span class='ocr_line' id='line_1_8' title="bbox 346 1425 1492 1519; baseline 0.011 -34"><span class='ocrx_word' id='word_1_55' title='bbox 346 1425 473 1509; x_wconf 89' lang='lat' dir='ltr'>aquarii</span> <span class='ocrx_word' id='word_1_56' title='bbox 501 1434 637 1510; x_wconf 78' lang='lat' dir='ltr'>puncta,</span> <span class='ocrx_word' id='word_1_57' title='bbox 652 1425 815 1491; x_wconf 87' lang='lat' dir='ltr'>&#39;discedet</span> <span class='ocrx_word' id='word_1_58' title='bbox 842 1425 989 1491; x_wconf 85' lang='lat' dir='ltr'>foramen</span> <span class='ocrx_word' id='word_1_59' title='bbox 1010 1450 1030 1491; x_wconf 91' lang='lat' dir='ltr'>a</span> <span class='ocrx_word' id='word_1_60' title='bbox 1056 1430 1289 1516; x_wconf 90' lang='lat' dir='ltr'>perpendiculo</span> <span class='ocrx_word' id='word_1_61' title='bbox 1313 1442 1345 1496; x_wconf 92' lang='lat' dir='ltr'>et</span> <span class='ocrx_word' id='word_1_62' title='bbox 1365 1455 1492 1519; x_wconf 90' lang='lat' dir='ltr'>aquae</span> 
     </span>
     <span class='ocr_line' id='line_1_9' title="bbox 348 1524 1491 1620; baseline 0.011 -34"><span class='ocrx_word' id='word_1_63' title='bbox 348 1524 532 1589; x_wconf 83' lang='lat' dir='ltr'>vehementi</span> <span class='ocrx_word' id='word_1_64' title='bbox 555 1547 652 1590; x_wconf 90' lang='lat' dir='ltr'>cursu</span> <span class='ocrx_word' id='word_1_65' title='bbox 674 1531 802 1614; x_wconf 85' lang='lat' dir='ltr'>cogitur</span> <span class='ocrx_word' id='word_1_66' title='bbox 825 1528 950 1592; x_wconf 85' lang='lat' dir='ltr'>tardius</span> <span class='ocrx_word' id='word_1_67' title='bbox 974 1532 1123 1594; x_wconf 88' lang='lat' dir='ltr'>emittere</span> <span class='ocrx_word' id='word_1_68' title='bbox 1146 1531 1326 1596; x_wconf 85' lang='lat' dir='ltr'>salientem.</span> <span class='ocrx_word' id='word_1_69' title='bbox 1359 1535 1491 1620; x_wconf 91' lang='lat' dir='ltr'>itaquo</span> 
     </span>
     <span class='ocr_line' id='line_1_10' title="bbox 346 1625 1490 1722; baseline 0.011 -35"><span class='ocrx_word' id='word_1_70' title='bbox 346 1627 454 1688; x_wconf 90' lang='lat' dir='ltr'>minus</span> <span class='ocrx_word' id='word_1_71' title='bbox 477 1625 575 1689; x_wconf 89' lang='lat' dir='ltr'>celeri</span> <span class='ocrx_word' id='word_1_72' title='bbox 598 1651 694 1693; x_wconf 90' lang='lat' dir='ltr'>cursu</span> <span class='ocrx_word' id='word_1_73' title='bbox 709 1652 768 1693; x_wconf 90' lang='lat' dir='ltr'>vas</span> <span class='ocrx_word' id='word_1_74' title='bbox 785 1630 910 1715; x_wconf 89' lang='lat' dir='ltr'>excipit</span> <span class='ocrx_word' id='word_1_75' title='bbox 923 1652 1051 1716; x_wconf 80' lang='lat' dir='ltr'>aquam,</span> <span class='ocrx_word' id='word_1_76' title='bbox 1075 1630 1192 1697; x_wconf 90' lang='lat' dir='ltr'>dilatat</span> <span class='ocrx_word' id='word_1_77' title='bbox 1207 1632 1358 1699; x_wconf 90' lang='lat' dir='ltr'>horarum</span> <span class='ocrx_word' id='word_1_78' title='bbox 1373 1638 1490 1722; x_wconf 87' lang='lat' dir='ltr'>spatia.</span> 
     </span>
    </p>

    <p class='ocr_par' dir='ltr' id='par_1_3' title="bbox 296 1732 1542 2734">
     <span class='ocr_line' id='line_1_11' title="bbox 296 1732 1542 1821; baseline 0.01 -31"><span class='ocrx_word' id='word_1_79' title='bbox 296 1746 327 1791; x_wconf 73' lang='lat'>14</span> <span class='ocrx_word' id='word_1_80' title='bbox 346 1736 472 1821; x_wconf 85' lang='lat' dir='ltr'>aquarii</span> <span class='ocrx_word' id='word_1_81' title='bbox 496 1758 574 1800; x_wconf 88' lang='lat' dir='ltr'>vero</span> <span class='ocrx_word' id='word_1_82' title='bbox 596 1732 799 1817; x_wconf 84' lang='lat' dir='ltr'>pisciumque</span> <span class='ocrx_word' id='word_1_83' title='bbox 821 1732 951 1818; x_wconf 90' lang='lat' dir='ltr'>punctis</span> <span class='ocrx_word' id='word_1_84' title='bbox 973 1733 1022 1796; x_wconf 93' lang='lat' dir='ltr'>uti</span> <span class='ocrx_word' id='word_1_85' title='bbox 1044 1733 1200 1818; x_wconf 85' lang='lat' dir='ltr'>gradibus</span> <span class='ocrx_word' id='word_1_86' title='bbox 1224 1736 1383 1800; x_wconf 85' lang='lat' dir='ltr'>scandens</span> <span class='ocrx_word' id='word_1_87' title='bbox 1405 1738 1491 1802; x_wconf 93' lang='lat' dir='ltr'>orbi·</span> <span class='ocrx_word' id='word_1_88' title='bbox 1512 1756 1542 1803; x_wconf 83' lang='lat' dir='ltr'>ro</span> 
     </span>
     <span class='ocr_line' id='line_1_12' title="bbox 346 1832 1490 1924; baseline 0.003 -24"><span class='ocrx_word' id='word_1_89' title='bbox 346 1835 413 1900; x_wconf 90' lang='lat' dir='ltr'>culi</span> <span class='ocrx_word' id='word_1_90' title='bbox 434 1837 582 1902; x_wconf 86' lang='lat' dir='ltr'>foramen</span> <span class='ocrx_word' id='word_1_91' title='bbox 603 1836 638 1898; x_wconf 91' lang='lat' dir='ltr'>in</span> <span class='ocrx_word' id='word_1_92' title='bbox 659 1834 760 1897; x_wconf 90' lang='lat' dir='ltr'>ariete</span> <span class='ocrx_word' id='word_1_93' title='bbox 783 1832 948 1918; x_wconf 89' lang='lat' dir='ltr'>tangendo</span> <span class='ocrx_word' id='word_1_94' title='bbox 971 1843 1120 1897; x_wconf 89' lang='lat' dir='ltr'>octavam</span> <span class='ocrx_word' id='word_1_95' title='bbox 1147 1844 1273 1922; x_wconf 90' lang='lat' dir='ltr'>partem</span> <span class='ocrx_word' id='word_1_96' title='bbox 1302 1861 1388 1924; x_wconf 90' lang='lat' dir='ltr'>aqua</span> <span class='ocrx_word' id='word_1_97' title='bbox 1411 1848 1490 1903; x_wconf 90' lang='lat' dir='ltr'>tem·</span> 
     </span>
     <span class='ocr_line' id='line_1_13' title="bbox 346 1935 1492 2030; baseline 0.003 -29"><span class='ocrx_word' id='word_1_98' title='bbox 346 1947 457 2025; x_wconf 90' lang='lat' dir='ltr'>pcrate</span> <span class='ocrx_word' id='word_1_99' title='bbox 480 1936 611 2002; x_wconf 88' lang='lat' dir='ltr'>salienti</span> <span class='ocrx_word' id='word_1_100' title='bbox 637 1944 782 2024; x_wconf 89' lang='lat' dir='ltr'>praestat</span> <span class='ocrx_word' id='word_1_101' title='bbox 808 1935 1062 2021; x_wconf 83' lang='lat' dir='ltr'>aequinoctiales</span> <span class='ocrx_word' id='word_1_102' title='bbox 1092 1935 1199 2002; x_wconf 89' lang='lat' dir='ltr'>horas.</span> <span class='ocrx_word' id='word_1_103' title='bbox 1245 1939 1286 2002; x_wconf 91' lang='lat' dir='ltr'>ab</span> <span class='ocrx_word' id='word_1_104' title='bbox 1309 1942 1411 2004; x_wconf 89' lang='lat' dir='ltr'>ariete</span> <span class='ocrx_word' id='word_1_105' title='bbox 1432 1964 1492 2030; x_wconf 88' lang='lat' dir='ltr'>per</span> 
     </span>
     <span class='ocr_line' id='line_1_14' title="bbox 345 2036 1491 2128; baseline 0.003 -26"><span class='ocrx_word' id='word_1_106' title='bbox 345 2042 430 2104; x_wconf 90' lang='lat' dir='ltr'>tauri</span> <span class='ocrx_word' id='word_1_107' title='bbox 454 2050 486 2104; x_wconf 92' lang='lat' dir='ltr'>et</span> <span class='ocrx_word' id='word_1_108' title='bbox 512 2040 718 2124; x_wconf 83' lang='lat' dir='ltr'>geminorum</span> <span class='ocrx_word' id='word_1_109' title='bbox 745 2038 851 2123; x_wconf 90' lang='lat' dir='ltr'>spatia</span> <span class='ocrx_word' id='word_1_110' title='bbox 878 2036 921 2099; x_wconf 92' lang='lat' dir='ltr'>ad</span> <span class='ocrx_word' id='word_1_111' title='bbox 949 2059 1075 2100; x_wconf 90' lang='lat' dir='ltr'>summa</span> <span class='ocrx_word' id='word_1_112' title='bbox 1104 2040 1212 2103; x_wconf 89' lang='lat' dir='ltr'>cancri</span> <span class='ocrx_word' id='word_1_113' title='bbox 1240 2051 1361 2126; x_wconf 91' lang='lat' dir='ltr'>puncta</span> <span class='ocrx_word' id='word_1_114' title='bbox 1388 2045 1491 2128; x_wconf 88' lang='lat' dir='ltr'>partis</span> 
     </span>
     <span class='ocr_line' id='line_1_15' title="bbox 345 2139 1520 2227; baseline 0.003 -22"><span class='ocrx_word' id='word_1_115' title='bbox 345 2151 481 2205; x_wconf 84' lang='lat' dir='ltr'>octavae</span> <span class='ocrx_word' id='word_1_116' title='bbox 508 2140 654 2205; x_wconf 84' lang='lat' dir='ltr'>toramen</span> <span class='ocrx_word' id='word_1_117' title='bbox 683 2139 734 2202; x_wconf 91' lang='lat' dir='ltr'>sui</span> <span class='ocrx_word' id='word_1_118' title='bbox 761 2139 909 2225; x_wconf 81' lang='lat' dir='ltr'>tympani</span> <span class='ocrx_word' id='word_1_119' title='bbox 939 2139 1180 2203; x_wconf 87' lang='lat' dir='ltr'>versationibus</span> <span class='ocrx_word' id='word_1_120' title='bbox 1209 2162 1367 2227; x_wconf 85' lang='lat' dir='ltr'>peragens</span> <span class='ocrx_word' id='word_1_121' title='bbox 1396 2153 1428 2206; x_wconf 94' lang='lat' dir='ltr'>et</span> <span class='ocrx_word' id='word_1_122' title='bbox 1456 2147 1491 2208; x_wconf 92' lang='lat' dir='ltr'>in</span> <span class='ocrx_word' id='word_1_123' title='bbox 1518 2149 1520 2156; x_wconf 89' lang='lat'>&#39;</span> 
     </span>
     <span class='ocr_line' id='line_1_16' title="bbox 345 2240 1541 2322; baseline 0.001 -16"><span class='ocrx_word' id='word_1_124' title='bbox 345 2243 552 2308; x_wconf 86' lang='lat' dir='ltr'>altitudinem</span> <span class='ocrx_word' id='word_1_125' title='bbox 586 2264 622 2306; x_wconf 90' lang='lat' dir='ltr'>eo</span> <span class='ocrx_word' id='word_1_126' title='bbox 656 2240 784 2304; x_wconf 90' lang='lat' dir='ltr'>rediens</span> <span class='ocrx_word' id='word_1_127' title='bbox 819 2240 945 2304; x_wconf 89' lang='lat' dir='ltr'>viribus</span> <span class='ocrx_word' id='word_1_128' title='bbox 980 2249 1191 2322; x_wconf 81' lang='lat' dir='ltr'>extenuatur,</span> <span class='ocrx_word' id='word_1_129' title='bbox 1226 2252 1258 2305; x_wconf 91' lang='lat' dir='ltr'>et</span> <span class='ocrx_word' id='word_1_130' title='bbox 1290 2244 1336 2307; x_wconf 92' lang='lat' dir='ltr'>ita</span> <span class='ocrx_word' id='word_1_131' title='bbox 1363 2246 1490 2308; x_wconf 90' lang='lat' dir='ltr'>tardius</span> <span class='ocrx_word' id='word_1_132' title='bbox 1510 2260 1541 2307; x_wconf 80' lang='lat'>15</span> 
     </span>
     <span class='ocr_line' id='line_1_17' title="bbox 345 2340 1490 2429; baseline 0.002 -22"><span class='ocrx_word' id='word_1_133' title='bbox 345 2346 474 2409; x_wconf 85' lang='lat' dir='ltr'>tlucndo</span> <span class='ocrx_word' id='word_1_134' title='bbox 498 2344 614 2408; x_wconf 89' lang='lat' dir='ltr'>dilatat</span> <span class='ocrx_word' id='word_1_135' title='bbox 636 2341 792 2407; x_wconf 91' lang='lat' dir='ltr'>morando</span> <span class='ocrx_word' id='word_1_136' title='bbox 815 2342 921 2428; x_wconf 88' lang='lat' dir='ltr'>spatia</span> <span class='ocrx_word' id='word_1_137' title='bbox 943 2351 976 2404; x_wconf 87' lang='lat' dir='ltr'>et</span> <span class='ocrx_word' id='word_1_138' title='bbox 996 2340 1096 2405; x_wconf 87' lang='lat' dir='ltr'>efficit</span> <span class='ocrx_word' id='word_1_139' title='bbox 1111 2342 1207 2405; x_wconf 89' lang='lat' dir='ltr'>horas</span> <span class='ocrx_word' id='word_1_140' title='bbox 1222 2342 1258 2405; x_wconf 90' lang='lat' dir='ltr'>in</span> <span class='ocrx_word' id='word_1_141' title='bbox 1273 2346 1380 2408; x_wconf 87' lang='lat' dir='ltr'>cancri</span> <span class='ocrx_word' id='word_1_142' title='bbox 1396 2346 1490 2429; x_wconf 86' lang='lat' dir='ltr'>signo</span> 
     </span>
     <span class='ocr_line' id='line_1_18' title="bbox 345 2440 1490 2531; baseline 0.002 -24"><span class='ocrx_word' id='word_1_143' title='bbox 345 2444 544 2509; x_wconf 84' lang='lat' dir='ltr'>solstitiales.</span> <span class='ocrx_word' id='word_1_144' title='bbox 589 2467 609 2508; x_wconf 93' lang='lat' dir='ltr'>a</span> <span class='ocrx_word' id='word_1_145' title='bbox 631 2465 747 2507; x_wconf 89' lang='lat' dir='ltr'>cancro</span> <span class='ocrx_word' id='word_1_146' title='bbox 776 2464 850 2505; x_wconf 91' lang='lat' dir='ltr'>cum</span> <span class='ocrx_word' id='word_1_147' title='bbox 876 2440 1037 2528; x_wconf 89' lang='lat' dir='ltr'>proclinat</span> <span class='ocrx_word' id='word_1_148' title='bbox 1064 2452 1096 2505; x_wconf 91' lang='lat' dir='ltr'>et</span> <span class='ocrx_word' id='word_1_149' title='bbox 1123 2446 1252 2528; x_wconf 88' lang='lat' dir='ltr'>peragit</span> <span class='ocrx_word' id='word_1_150' title='bbox 1279 2467 1337 2531; x_wconf 91' lang='lat' dir='ltr'>per</span> <span class='ocrx_word' id='word_1_151' title='bbox 1363 2444 1490 2509; x_wconf 88' lang='lat' dir='ltr'>leonem</span> 
     </span>
     <span class='ocr_line' id='line_1_19' title="bbox 346 2530 1489 2631; baseline 0.002 -22"><span class='ocrx_word' id='word_1_152' title='bbox 346 2556 379 2609; x_wconf 89' lang='lat' dir='ltr'>et</span> <span class='ocrx_word' id='word_1_153' title='bbox 402 2548 563 2631; x_wconf 86' lang='lat' dir='ltr'>virginem</span> <span class='ocrx_word' id='word_1_154' title='bbox 591 2545 634 2609; x_wconf 90' lang='lat' dir='ltr'>ad</span> <span class='ocrx_word' id='word_1_155' title='bbox 652 2530 766 2608; x_wconf 78' lang='lat' dir='ltr'>librae</span> <span class='ocrx_word' id='word_1_156' title='bbox 794 2546 896 2629; x_wconf 89' lang='lat' dir='ltr'>partis</span> <span class='ocrx_word' id='word_1_157' title='bbox 924 2552 1061 2607; x_wconf 86' lang='lat' dir='ltr'>octavae</span> <span class='ocrx_word' id='word_1_158' title='bbox 1088 2554 1209 2630; x_wconf 91' lang='lat' dir='ltr'>puncta</span> <span class='ocrx_word' id='word_1_159' title='bbox 1236 2545 1429 2611; x_wconf 88' lang='lat' dir='ltr'>revertendo</span> <span class='ocrx_word' id='word_1_160' title='bbox 1458 2559 1489 2612; x_wconf 91' lang='lat' dir='ltr'>et</span> 
     </span>
     <span class='ocr_line' id='line_1_20' title="bbox 344 2643 1488 2734; baseline 0.002 -23"><span class='ocrx_word' id='word_1_161' title='bbox 344 2648 509 2733; x_wconf 85' lang='lat' dir='ltr'>gradatim</span> <span class='ocrx_word' id='word_1_162' title='bbox 532 2646 736 2733; x_wconf 91' lang='lat' dir='ltr'>corripiendo</span> <span class='ocrx_word' id='word_1_163' title='bbox 756 2646 861 2731; x_wconf 90' lang='lat' dir='ltr'>spatia</span> <span class='ocrx_word' id='word_1_164' title='bbox 881 2644 1043 2709; x_wconf 89' lang='lat' dir='ltr'>contrahit</span> <span class='ocrx_word' id='word_1_165' title='bbox 1057 2643 1164 2727; x_wconf 83' lang='lat' dir='ltr'>horas,</span> <span class='ocrx_word' id='word_1_166' title='bbox 1188 2656 1220 2709; x_wconf 89' lang='lat' dir='ltr'>et</span> <span class='ocrx_word' id='word_1_167' title='bbox 1234 2647 1280 2710; x_wconf 89' lang='lat' dir='ltr'>ita</span> <span class='ocrx_word' id='word_1_168' title='bbox 1294 2651 1488 2734; x_wconf 88' lang='lat' dir='ltr'>perveniens</span> 
     </span>
    </p>

    <p class='ocr_par' dir='ltr' id='par_1_4' title="bbox 292 2742 1540 3221">
     <span class='ocr_line' id='line_1_21' title="bbox 292 2742 1540 2840; baseline 0.004 -29"><span class='ocrx_word' id='word_1_169' title='bbox 292 2766 324 2811; x_wconf 78' lang='lat' dir='ltr'>ro</span> <span class='ocrx_word' id='word_1_170' title='bbox 344 2742 387 2814; x_wconf 87' lang='lat' dir='ltr'>ad</span> <span class='ocrx_word' id='word_1_171' title='bbox 414 2760 535 2839; x_wconf 91' lang='lat' dir='ltr'>puncta</span> <span class='ocrx_word' id='word_1_172' title='bbox 567 2748 670 2814; x_wconf 90' lang='lat' dir='ltr'>librae</span> <span class='ocrx_word' id='word_1_173' title='bbox 704 2745 959 2834; x_wconf 88' lang='lat' dir='ltr'>aequinoctiales</span> <span class='ocrx_word' id='word_1_174' title='bbox 994 2768 1107 2810; x_wconf 90' lang='lat' dir='ltr'>rursus</span> <span class='ocrx_word' id='word_1_175' title='bbox 1139 2746 1249 2812; x_wconf 89' lang='lat' dir='ltr'>reddit</span> <span class='ocrx_word' id='word_1_176' title='bbox 1275 2748 1381 2815; x_wconf 89' lang='lat' dir='ltr'>horas.</span> <span class='ocrx_word' id='word_1_177' title='bbox 1431 2775 1489 2840; x_wconf 88' lang='lat' dir='ltr'>per</span> <span class='ocrx_word' id='word_1_178' title='bbox 1507 2767 1540 2816; x_wconf 75' lang='lat' dir='ltr'>ro</span> 
     </span>
     <span class='ocr_line' id='line_1_22' title="bbox 344 2849 1488 2940; baseline 0.003 -23"><span class='ocrx_word' id='word_1_179' title='bbox 344 2854 523 2939; x_wconf 87' lang='lat' dir='ltr'>scorpionis</span> <span class='ocrx_word' id='word_1_180' title='bbox 561 2874 637 2915; x_wconf 93' lang='lat' dir='ltr'>vcro</span> <span class='ocrx_word' id='word_1_181' title='bbox 677 2851 784 2939; x_wconf 91' lang='lat' dir='ltr'>spatia</span> <span class='ocrx_word' id='word_1_182' title='bbox 821 2859 852 2912; x_wconf 90' lang='lat' dir='ltr'>et</span> <span class='ocrx_word' id='word_1_183' title='bbox 888 2850 1052 2934; x_wconf 89' lang='lat' dir='ltr'>sagittarii</span> <span class='ocrx_word' id='word_1_184' title='bbox 1088 2849 1265 2935; x_wconf 89' lang='lat' dir='ltr'>proclivius</span> <span class='ocrx_word' id='word_1_185' title='bbox 1302 2854 1488 2940; x_wconf 89' lang='lat' dir='ltr'>deprimens</span> 
     </span>
     <span class='ocr_line' id='line_1_23' title="bbox 344 2949 1488 3043; baseline 0.003 -26"><span class='ocrx_word' id='word_1_186' title='bbox 344 2975 379 3017; x_wconf 92' lang='lat' dir='ltr'>sc</span> <span class='ocrx_word' id='word_1_187' title='bbox 406 2953 552 3018; x_wconf 86' lang='lat' dir='ltr'>foramen</span> <span class='ocrx_word' id='word_1_188' title='bbox 579 2954 773 3037; x_wconf 90' lang='lat' dir='ltr'>rediensque</span> <span class='ocrx_word' id='word_1_189' title='bbox 801 2951 1051 3015; x_wconf 89' lang='lat' dir='ltr'>circumactione</span> <span class='ocrx_word' id='word_1_190' title='bbox 1084 2949 1126 3013; x_wconf 92' lang='lat' dir='ltr'>ad</span> <span class='ocrx_word' id='word_1_191' title='bbox 1154 2954 1335 3039; x_wconf 88' lang='lat' dir='ltr'>capricorni</span> <span class='ocrx_word' id='word_1_192' title='bbox 1361 2967 1488 3043; x_wconf 91' lang='lat' dir='ltr'>partem</span> 
     </span>
     <span class='ocr_line' id='line_1_24' title="bbox 344 3051 1486 3137; baseline 0.002 -18"><span class='ocrx_word' id='word_1_193' title='bbox 344 3073 424 3137; x_wconf 83' lang='lat' dir='ltr'>vm,</span> <span class='ocrx_word' id='word_1_194' title='bbox 462 3057 646 3120; x_wconf 88' lang='lat' dir='ltr'>restituitur</span> <span class='ocrx_word' id='word_1_195' title='bbox 681 3052 848 3117; x_wconf 88' lang='lat' dir='ltr'>celeritate</span> <span class='ocrx_word' id='word_1_196' title='bbox 883 3051 1030 3116; x_wconf 90' lang='lat' dir='ltr'>salientis</span> <span class='ocrx_word' id='word_1_197' title='bbox 1065 3051 1108 3115; x_wconf 93' lang='lat' dir='ltr'>ad</span> <span class='ocrx_word' id='word_1_198' title='bbox 1142 3053 1305 3119; x_wconf 89' lang='lat' dir='ltr'>brumales</span> <span class='ocrx_word' id='word_1_199' title='bbox 1336 3055 1486 3121; x_wconf 90' lang='lat' dir='ltr'>horarum</span> 
     </span>
     <span class='ocr_line' id='line_1_25' title="bbox 342 3158 533 3221; baseline 0 -2"><span class='ocrx_word' id='word_1_200' title='bbox 342 3158 533 3221; x_wconf 87' lang='lat' dir='ltr'>brevitates.</span> 
     </span>
    </p>

    <p class='ocr_par' dir='ltr' id='par_1_5' title="bbox 340 3254 1536 3554">
     <span class='ocr_line' id='line_1_26' title="bbox 428 3254 1536 3342; baseline 0.002 -20"><span class='ocrx_word' id='word_1_201' title='bbox 428 3259 522 3338; x_wconf 74' lang='lat' dir='ltr'>Quae</span> <span class='ocrx_word' id='word_1_202' title='bbox 550 3266 626 3322; x_wconf 93' lang='lat' dir='ltr'>sunt</span> <span class='ocrx_word' id='word_1_203' title='bbox 653 3258 687 3321; x_wconf 92' lang='lat' dir='ltr'>in</span> <span class='ocrx_word' id='word_1_204' title='bbox 712 3255 955 3341; x_wconf 86' lang='lat' dir='ltr'>horologiorum</span> <span class='ocrx_word' id='word_1_205' title='bbox 982 3254 1256 3342; x_wconf 88' lang='lat' dir='ltr'>descriptionibus</span> <span class='ocrx_word' id='word_1_206' title='bbox 1283 3261 1426 3324; x_wconf 87' lang='lat' dir='ltr'>rationes</span> <span class='ocrx_word' id='word_1_207' title='bbox 1455 3273 1486 3327; x_wconf 91' lang='lat' dir='ltr'>et</span> <span class='ocrx_word' id='word_1_208' title='bbox 1504 3276 1536 3324; x_wconf 74' lang='lat'>25</span> 
     </span>
     <span class='ocr_line' id='line_1_27' title="bbox 340 3357 1486 3448; baseline 0.002 -25"><span class='ocrx_word' id='word_1_209' title='bbox 340 3371 517 3447; x_wconf 90' lang='lat' dir='ltr'>apparatus</span> <span class='ocrx_word' id='word_1_210' title='bbox 551 3371 587 3424; x_wconf 92' lang='lat' dir='ltr'>ut</span> <span class='ocrx_word' id='word_1_211' title='bbox 620 3361 688 3424; x_wconf 91' lang='lat' dir='ltr'>sint</span> <span class='ocrx_word' id='word_1_212' title='bbox 719 3359 762 3421; x_wconf 90' lang='lat' dir='ltr'>ad</span> <span class='ocrx_word' id='word_1_213' title='bbox 797 3381 892 3423; x_wconf 90' lang='lat' dir='ltr'>usum</span> <span class='ocrx_word' id='word_1_214' title='bbox 929 3357 1151 3443; x_wconf 88' lang='lat' dir='ltr'>expeditiores</span> <span class='ocrx_word' id='word_1_215' title='bbox 1188 3381 1284 3445; x_wconf 88' lang='lat' dir='ltr'>quam</span> <span class='ocrx_word' id='word_1_216' title='bbox 1318 3363 1486 3448; x_wconf 90' lang='lat' dir='ltr'>aptissime</span> 
     </span>
     <span class='ocr_line' id='line_1_28' title="bbox 340 3460 1486 3554; baseline 0.002 -28"><span class='ocrx_word' id='word_1_217' title='bbox 340 3465 433 3548; x_wconf 89' lang='lat' dir='ltr'>potui</span> <span class='ocrx_word' id='word_1_218' title='bbox 468 3463 655 3554; x_wconf 86' lang='lat' dir='ltr'>perscripsi.</span> <span class='ocrx_word' id='word_1_219' title='bbox 706 3470 808 3526; x_wconf 89' lang='lat' dir='ltr'>restat</span> <span class='ocrx_word' id='word_1_220' title='bbox 843 3481 931 3525; x_wconf 90' lang='lat' dir='ltr'>nunc</span> <span class='ocrx_word' id='word_1_221' title='bbox 967 3460 1009 3523; x_wconf 89' lang='lat' dir='ltr'>dc</span> <span class='ocrx_word' id='word_1_222' title='bbox 1044 3460 1339 3553; x_wconf 86' lang='lat' dir='ltr'>machinationibus</span> <span class='ocrx_word' id='word_1_223' title='bbox 1376 3473 1408 3527; x_wconf 93' lang='lat' dir='ltr'>et</span> <span class='ocrx_word' id='word_1_224' title='bbox 1445 3466 1486 3528; x_wconf 91' lang='lat' dir='ltr'>de</span> 
     </span>
    </p>
   </div>
   <div class='ocr_carea' id='block_1_3' title="bbox 339 3644 567 3652">
    <p class='ocr_par' dir='ltr' id='par_1_6' title="bbox 339 3644 567 3652">
     <span class='ocr_line' id='line_1_29' title="bbox 339 3644 567 3652; baseline -0.004 0"><span class='ocrx_word' id='word_1_225' title='bbox 339 3644 567 3652; x_wconf 81' lang='lat'>———</span> 
     </span>
    </p>
   </div>
   <div class='ocr_carea' id='block_1_4' title="bbox 288 3748 1524 4576">
    <p class='ocr_par' dir='ltr' id='par_1_7' title="bbox 299 3748 1484 3906">
     <span class='ocr_line' id='line_1_30' title="bbox 299 3748 1484 3819; baseline 0.009 -22"><span class='ocrx_word' id='word_1_226' title='bbox 299 3768 303 3775; x_wconf 93' lang='lat'>·</span> <span class='ocrx_word' id='word_1_227' title='bbox 411 3754 423 3797; x_wconf 90' lang='lat'>1</span> <span class='ocrx_word' id='word_1_228' title='bbox 444 3754 522 3814; x_wconf 67' lang='lat' dir='ltr'>parte</span> <span class='ocrx_word' id='word_1_229' title='bbox 542 3755 570 3800; x_wconf 87' lang='lat' dir='ltr'>et</span> <span class='ocrx_word' id='word_1_230' title='bbox 589 3750 745 3814; x_wconf 84' lang='lat' dir='ltr'>capricorni</span> <span class='ocrx_word' id='word_1_231' title='bbox 760 3751 811 3800; x_wconf 88' lang='lat' dir='ltr'>GH</span> <span class='ocrx_word' id='word_1_232' title='bbox 829 3751 869 3812; x_wconf 85' lang='lat' dir='ltr'>(ct</span> <span class='ocrx_word' id='word_1_233' title='bbox 888 3753 937 3802; x_wconf 85' lang='lat' dir='ltr'>del.</span> <span class='ocrx_word' id='word_1_234' title='bbox 951 3751 1044 3816; x_wconf 83' lang='lat' dir='ltr'>Rode).</span> <span class='ocrx_word' id='word_1_235' title='bbox 1062 3748 1104 3818; x_wconf 84' lang='grc'>113</span> <span class='ocrx_word' id='word_1_236' title='bbox 1121 3767 1180 3813; x_wconf 82' lang='lat' dir='ltr'>ras,</span> <span class='ocrx_word' id='word_1_237' title='bbox 1200 3754 1272 3815; x_wconf 88' lang='lat' dir='ltr'>quod</span> <span class='ocrx_word' id='word_1_238' title='bbox 1285 3770 1330 3819; x_wconf 69' lang='lat' dir='ltr'>eqo</span> <span class='ocrx_word' id='word_1_239' title='bbox 1350 3753 1410 3817; x_wconf 88' lang='lat' dir='ltr'>(vas</span> <span class='ocrx_word' id='word_1_240' title='bbox 1428 3762 1484 3808; x_wconf 89' lang='lat' dir='ltr'>tum</span> 
     </span>
     <span class='ocr_line' id='line_1_31' title="bbox 339 3830 1484 3906; baseline 0.007 -23"><span class='ocrx_word' id='word_1_241' title='bbox 339 3836 408 3890; x_wconf 70' lang='lat' dir='ltr'>dcc„</span> <span class='ocrx_word' id='word_1_242' title='bbox 428 3848 524 3882; x_wconf 83' lang='lat' dir='ltr'>vasum</span> <span class='ocrx_word' id='word_1_243' title='bbox 543 3834 640 3895; x_wconf 82' lang='lat' dir='ltr'>Mar.):</span> <span class='ocrx_word' id='word_1_244' title='bbox 659 3838 768 3883; x_wconf 89' lang='lat' dir='ltr'>vastum</span> <span class='ocrx_word' id='word_1_245' title='bbox 788 3834 846 3884; x_wconf 88' lang='lat' dir='ltr'>GH.</span> <span class='ocrx_word' id='word_1_246' title='bbox 871 3830 883 3902; x_wconf 96' lang='grc'>11</span> <span class='ocrx_word' id='word_1_247' title='bbox 905 3836 921 3883; x_wconf 87' lang='lat'>4</span> <span class='ocrx_word' id='word_1_248' title='bbox 939 3836 974 3884; x_wconf 80' lang='lat' dir='ltr'>cir</span> <span class='ocrx_word' id='word_1_249' title='bbox 992 3835 1082 3885; x_wconf 85' lang='lat' dir='ltr'>brevi:</span> <span class='ocrx_word' id='word_1_250' title='bbox 1100 3838 1138 3885; x_wconf 86' lang='lat' dir='ltr'>sic</span> <span class='ocrx_word' id='word_1_251' title='bbox 1157 3836 1219 3906; x_wconf 22' lang='lat' dir='ltr'>GH..</span> <span class='ocrx_word' id='word_1_252' title='bbox 1240 3833 1252 3901; x_wconf 96' lang='grc'>11</span> <span class='ocrx_word' id='word_1_253' title='bbox 1273 3840 1289 3886; x_wconf 83' lang='grc'>5</span> <span class='ocrx_word' id='word_1_254' title='bbox 1307 3839 1412 3889; x_wconf 88' lang='lat' dir='ltr'>minora</span> <span class='ocrx_word' id='word_1_255' title='bbox 1429 3845 1484 3891; x_wconf 85' lang='lat' dir='ltr'>ed.:</span> 
     </span>
    </p>

    <p class='ocr_par' dir='ltr' id='par_1_8' title="bbox 288 3914 1483 4493">
     <span class='ocr_line' id='line_1_32' title="bbox 288 3914 1483 3986; baseline 0.007 -21"><span class='ocrx_word' id='word_1_256' title='bbox 288 3959 294 3965; x_wconf 83' lang='lat'>.</span> <span class='ocrx_word' id='word_1_257' title='bbox 337 3917 453 3968; x_wconf 90' lang='lat' dir='ltr'>minoris</span> <span class='ocrx_word' id='word_1_258' title='bbox 474 3917 531 3969; x_wconf 89' lang='lat' dir='ltr'>GH.</span> <span class='ocrx_word' id='word_1_259' title='bbox 557 3914 569 3984; x_wconf 95' lang='grc'>11</span> <span class='ocrx_word' id='word_1_260' title='bbox 591 3917 854 3970; x_wconf 63' lang='lat' dir='ltr'>ammonariam:</span> <span class='ocrx_word' id='word_1_261' title='bbox 883 3919 996 3967; x_wconf 89' lang='lat' dir='ltr'>maioris</span> <span class='ocrx_word' id='word_1_262' title='bbox 1020 3919 1080 3968; x_wconf 92' lang='lat' dir='ltr'>GH.</span> <span class='ocrx_word' id='word_1_263' title='bbox 1101 3914 1113 3984; x_wconf 94' lang='grc'>11</span> <span class='ocrx_word' id='word_1_264' title='bbox 1137 3920 1307 3984; x_wconf 85' lang='lat' dir='ltr'>ingredietur</span> <span class='ocrx_word' id='word_1_265' title='bbox 1329 3923 1355 3969; x_wconf 87' lang='lat' dir='ltr'>iu</span> <span class='ocrx_word' id='word_1_266' title='bbox 1376 3927 1483 3986; x_wconf 83' lang='lat' dir='ltr'>aquarii</span> 
     </span>
     <span class='ocr_line' id='line_1_33' title="bbox 340 3997 1483 4072; baseline 0.006 -21"><span class='ocrx_word' id='word_1_267' title='bbox 340 4007 446 4068; x_wconf 86' lang='lat' dir='ltr'>puncta</span> <span class='ocrx_word' id='word_1_268' title='bbox 464 4018 523 4065; x_wconf 71' lang='lat' dir='ltr'>epo:</span> <span class='ocrx_word' id='word_1_269' title='bbox 542 4001 714 4068; x_wconf 86' lang='lat' dir='ltr'>ingrediatur</span> <span class='ocrx_word' id='word_1_270' title='bbox 731 4003 758 4051; x_wconf 90' lang='lat' dir='ltr'>in</span> <span class='ocrx_word' id='word_1_271' title='bbox 778 4002 892 4072; x_wconf 35' lang='lat' dir='ltr'>aqu-ario</span> <span class='ocrx_word' id='word_1_272' title='bbox 906 4007 1007 4052; x_wconf 86' lang='lat' dir='ltr'>cuncta</span> <span class='ocrx_word' id='word_1_273' title='bbox 1021 4004 1079 4053; x_wconf 72' lang='lat' dir='ltr'>GH!</span> <span class='ocrx_word' id='word_1_274' title='bbox 1102 3997 1115 4069; x_wconf 96' lang='grc'>11</span> <span class='ocrx_word' id='word_1_275' title='bbox 1139 4005 1154 4052; x_wconf 90' lang='grc'><strong>7</strong></span> <span class='ocrx_word' id='word_1_276' title='bbox 1172 4004 1290 4053; x_wconf 84' lang='lat' dir='ltr'>discedit·</span> <span class='ocrx_word' id='word_1_277' title='bbox 1301 4005 1372 4054; x_wconf 79' lang='lat' dir='ltr'>Rode</span> <span class='ocrx_word' id='word_1_278' title='bbox 1392 4004 1483 4069; x_wconf 86' lang='lat' dir='ltr'>(-det</span> 
     </span>
     <span class='ocr_line' id='line_1_34' title="bbox 338 4082 1481 4152; baseline 0.004 -14"><span class='ocrx_word' id='word_1_279' title='bbox 338 4085 411 4151; x_wconf 72' lang='lat' dir='ltr'>epo):</span> <span class='ocrx_word' id='word_1_280' title='bbox 432 4086 601 4136; x_wconf 88' lang='lat' dir='ltr'>descendent</span> <span class='ocrx_word' id='word_1_281' title='bbox 620 4084 739 4147; x_wconf 82' lang='lat' dir='ltr'>(—daeut</span> <span class='ocrx_word' id='word_1_282' title='bbox 757 4087 786 4135; x_wconf 90' lang='lat' dir='ltr'><em>H</em></span> <span class='ocrx_word' id='word_1_283' title='bbox 806 4087 823 4135; x_wconf 89' lang='lat' dir='ltr'>i.</span> <span class='ocrx_word' id='word_1_284' title='bbox 844 4103 866 4138; x_wconf 88' lang='lat' dir='ltr'>e.</span> <span class='ocrx_word' id='word_1_285' title='bbox 885 4086 985 4136; x_wconf 87' lang='lat' dir='ltr'>-deut</span> <span class='ocrx_word' id='word_1_286' title='bbox 1006 4083 1057 4147; x_wconf 75' lang='lat' dir='ltr'>Hc)</span> <span class='ocrx_word' id='word_1_287' title='bbox 1084 4086 1142 4138; x_wconf 90' lang='lat' dir='ltr'>GH.</span> <span class='ocrx_word' id='word_1_288' title='bbox 1164 4082 1177 4152; x_wconf 93' lang='grc'>11</span> <span class='ocrx_word' id='word_1_289' title='bbox 1204 4087 1327 4136; x_wconf 75' lang='lat' dir='ltr'>foramen</span> <span class='ocrx_word' id='word_1_290' title='bbox 1351 4090 1481 4145; x_wconf 87' lang='lat' dir='ltr'>aBarb.:</span> 
     </span>
     <span class='ocr_line' id='line_1_35' title="bbox 339 4167 1480 4246; baseline 0.002 -24"><span class='ocrx_word' id='word_1_291' title='bbox 339 4173 476 4222; x_wconf 83' lang='lat' dir='ltr'>foramina</span> <span class='ocrx_word' id='word_1_292' title='bbox 497 4172 555 4222; x_wconf 87' lang='lat' dir='ltr'>GH.</span> <span class='ocrx_word' id='word_1_293' title='bbox 577 4167 589 4237; x_wconf 95' lang='grc'>11</span> <span class='ocrx_word' id='word_1_294' title='bbox 611 4185 683 4234; x_wconf 87' lang='lat' dir='ltr'>aqua</span> <span class='ocrx_word' id='word_1_295' title='bbox 702 4186 716 4220; x_wconf 87' lang='lat' dir='ltr'>e</span> <span class='ocrx_word' id='word_1_296' title='bbox 735 4170 821 4223; x_wconf 59' lang='lat' dir='ltr'>Maru:</span> <span class='ocrx_word' id='word_1_297' title='bbox 841 4185 932 4233; x_wconf 85' lang='lat' dir='ltr'>aquas</span> <span class='ocrx_word' id='word_1_298' title='bbox 952 4169 1009 4233; x_wconf 81' lang='lat' dir='ltr'>(aq3</span> <span class='ocrx_word' id='word_1_299' title='bbox 1027 4170 1062 4230; x_wconf 88' lang='lat' dir='ltr'>H,</span> <span class='ocrx_word' id='word_1_300' title='bbox 1082 4185 1153 4235; x_wconf 66' lang='lat' dir='ltr'>aque</span> <span class='ocrx_word' id='word_1_301' title='bbox 1173 4170 1205 4233; x_wconf 92' lang='lat' dir='ltr'>G)</span> <span class='ocrx_word' id='word_1_302' title='bbox 1225 4171 1284 4224; x_wconf 79' lang='lat' dir='ltr'>GH.</span> <span class='ocrx_word' id='word_1_303' title='bbox 1299 4168 1310 4246; x_wconf 92' lang='grc'>11</span> <span class='ocrx_word' id='word_1_304' title='bbox 1330 4175 1359 4220; x_wconf 88' lang='grc'>11</span> <span class='ocrx_word' id='word_1_305' title='bbox 1380 4173 1480 4224; x_wconf 84' lang='lat' dir='ltr'>forma-</span> 
     </span>
     <span class='ocr_line' id='line_1_36' title="bbox 339 4250 1479 4324; baseline -0.001 -19"><span class='ocrx_word' id='word_1_306' title='bbox 339 4271 401 4305; x_wconf 87' lang='lat' dir='ltr'>mcn</span> <span class='ocrx_word' id='word_1_307' title='bbox 422 4257 448 4305; x_wconf 88' lang='lat' dir='ltr'>H</span> <span class='ocrx_word' id='word_1_308' title='bbox 470 4255 506 4317; x_wconf 82' lang='lat' dir='ltr'>(et</span> <span class='ocrx_word' id='word_1_309' title='bbox 528 4265 587 4305; x_wconf 81' lang='lat' dir='ltr'>ante</span> <span class='ocrx_word' id='word_1_310' title='bbox 609 4270 678 4304; x_wconf 83' lang='lat' dir='ltr'>corr.</span> <span class='ocrx_word' id='word_1_311' title='bbox 696 4253 740 4318; x_wconf 88' lang='lat' dir='ltr'>L).</span> <span class='ocrx_word' id='word_1_312' title='bbox 766 4250 779 4319; x_wconf 97' lang='grc'>11</span> <span class='ocrx_word' id='word_1_313' title='bbox 800 4255 827 4303; x_wconf 88' lang='lat' dir='ltr'>in</span> <span class='ocrx_word' id='word_1_314' title='bbox 851 4255 959 4318; x_wconf 87' lang='lat' dir='ltr'>pariete</span> <span class='ocrx_word' id='word_1_315' title='bbox 982 4256 1013 4305; x_wconf 85' lang='lat' dir='ltr'>lc.</span> <span class='ocrx_word' id='word_1_316' title='bbox 1037 4250 1049 4320; x_wconf 95' lang='grc'>11</span> <span class='ocrx_word' id='word_1_317' title='bbox 1071 4268 1143 4318; x_wconf 86' lang='lat' dir='ltr'>aqua</span> <span class='ocrx_word' id='word_1_318' title='bbox 1163 4268 1224 4317; x_wconf 69' lang='lat' dir='ltr'>eqo:</span> <span class='ocrx_word' id='word_1_319' title='bbox 1253 4270 1343 4317; x_wconf 84' lang='lat' dir='ltr'>aquae</span> <span class='ocrx_word' id='word_1_320' title='bbox 1366 4257 1426 4323; x_wconf 75' lang='lat' dir='ltr'>(—q</span> <span class='ocrx_word' id='word_1_321' title='bbox 1447 4260 1479 4324; x_wconf 83' lang='lat' dir='ltr'>G)</span> 
     </span>
     <span class='ocr_line' id='line_1_37' title="bbox 340 4333 1480 4407; baseline 0.001 -17"><span class='ocrx_word' id='word_1_322' title='bbox 340 4342 401 4394; x_wconf 89' lang='lat' dir='ltr'>GH.</span> <span class='ocrx_word' id='word_1_323' title='bbox 425 4336 439 4407; x_wconf 92' lang='grc'>11</span> <span class='ocrx_word' id='word_1_324' title='bbox 461 4342 492 4389; x_wconf 91' lang='grc'>14</span> <span class='ocrx_word' id='word_1_325' title='bbox 510 4342 553 4389; x_wconf 91' lang='lat' dir='ltr'>sui</span> <span class='ocrx_word' id='word_1_326' title='bbox 571 4338 695 4404; x_wconf 82' lang='lat' dir='ltr'>tympani</span> <span class='ocrx_word' id='word_1_327' title='bbox 714 4338 797 4391; x_wconf 65' lang='lat' dir='ltr'>iliam:</span> <span class='ocrx_word' id='word_1_328' title='bbox 817 4352 866 4387; x_wconf 87' lang='lat' dir='ltr'>ssu</span> <span class='ocrx_word' id='word_1_329' title='bbox 884 4337 1009 4401; x_wconf 82' lang='lat' dir='ltr'>tympani</span> <span class='ocrx_word' id='word_1_330' title='bbox 1028 4337 1085 4387; x_wconf 91' lang='lat' dir='ltr'>GH.</span> <span class='ocrx_word' id='word_1_331' title='bbox 1108 4333 1120 4404; x_wconf 97' lang='grc'>11</span> <span class='ocrx_word' id='word_1_332' title='bbox 1145 4338 1176 4386; x_wconf 86' lang='grc'>16</span> <span class='ocrx_word' id='word_1_333' title='bbox 1188 4336 1289 4388; x_wconf 88' lang='lat' dir='ltr'>dilatat</span> <span class='ocrx_word' id='word_1_334' title='bbox 1307 4340 1340 4389; x_wconf 87' lang='lat' dir='ltr'>G:</span> <span class='ocrx_word' id='word_1_335' title='bbox 1360 4346 1434 4391; x_wconf 75' lang='lat' dir='ltr'>-tct</span> <span class='ocrx_word' id='word_1_336' title='bbox 1451 4344 1480 4391; x_wconf 91' lang='lat' dir='ltr'>H</span> 
     </span>
     <span class='ocr_line' id='line_1_38' title="bbox 339 4417 1477 4493; baseline 0.003 -20"><span class='ocrx_word' id='word_1_337' title='bbox 339 4421 420 4488; x_wconf 83' lang='lat' dir='ltr'>(Llc).</span> <span class='ocrx_word' id='word_1_338' title='bbox 443 4420 455 4491; x_wconf 94' lang='grc'>11</span> <span class='ocrx_word' id='word_1_339' title='bbox 480 4426 574 4473; x_wconf 89' lang='lat' dir='ltr'>cancri</span> <span class='ocrx_word' id='word_1_340' title='bbox 595 4426 628 4475; x_wconf 89' lang='lat' dir='ltr'>G:</span> <span class='ocrx_word' id='word_1_341' title='bbox 646 4425 734 4473; x_wconf 87' lang='lat' dir='ltr'>-cris</span> <span class='ocrx_word' id='word_1_342' title='bbox 746 4423 778 4471; x_wconf 94' lang='lat' dir='ltr'>H</span> <span class='ocrx_word' id='word_1_343' title='bbox 788 4420 866 4486; x_wconf 83' lang='lat' dir='ltr'>(Llc).</span> <span class='ocrx_word' id='word_1_344' title='bbox 881 4417 894 4486; x_wconf 97' lang='grc'>11</span> <span class='ocrx_word' id='word_1_345' title='bbox 911 4422 944 4469; x_wconf 78' lang='lat'>20</span> <span class='ocrx_word' id='word_1_346' title='bbox 955 4421 1175 4483; x_wconf 83' lang='lat' dir='ltr'>aequinoctiales</span> <span class='ocrx_word' id='word_1_347' title='bbox 1189 4422 1222 4473; x_wconf 88' lang='lat' dir='ltr'>G:</span> <span class='ocrx_word' id='word_1_348' title='bbox 1242 4422 1311 4472; x_wconf 88' lang='lat' dir='ltr'>—lis</span> <span class='ocrx_word' id='word_1_349' title='bbox 1323 4425 1353 4472; x_wconf 93' lang='lat' dir='ltr'>H</span> <span class='ocrx_word' id='word_1_350' title='bbox 1369 4423 1477 4493; x_wconf 60' lang='grc'>1110111</span> 
     </span>
    </p>

    <p class='ocr_par' dir='ltr' id='par_1_9' title="bbox 292 4503 1524 4576">
     <span class='ocr_line' id='line_1_39' title="bbox 292 4503 1524 4576; baseline 0 -15"><span class='ocrx_word' id='word_1_351' title='bbox 292 4534 296 4541; x_wconf 89' lang='lat'>·</span> <span class='ocrx_word' id='word_1_352' title='bbox 337 4512 370 4561; x_wconf 79' lang='grc'>22</span> <span class='ocrx_word' id='word_1_353' title='bbox 389 4525 433 4560; x_wconf 88' lang='lat' dir='ltr'>sc:</span> <span class='ocrx_word' id='word_1_354' title='bbox 457 4511 494 4558; x_wconf 85' lang='lat' dir='ltr'>sic</span> <span class='ocrx_word' id='word_1_355' title='bbox 518 4509 576 4563; x_wconf 88' lang='lat' dir='ltr'>GH.</span> <span class='ocrx_word' id='word_1_356' title='bbox 600 4505 613 4576; x_wconf 97' lang='grc'>11</span> <span class='ocrx_word' id='word_1_357' title='bbox 634 4507 743 4559; x_wconf 84' lang='lat' dir='ltr'>rediens</span> <span class='ocrx_word' id='word_1_358' title='bbox 760 4507 792 4555; x_wconf 93' lang='lat' dir='ltr'>H</span> <span class='ocrx_word' id='word_1_359' title='bbox 808 4503 895 4572; x_wconf 76' lang='lat' dir='ltr'>(Lt⁶):</span> <span class='ocrx_word' id='word_1_360' title='bbox 920 4504 1030 4555; x_wconf 85' lang='lat' dir='ltr'>radiens</span> <span class='ocrx_word' id='word_1_361' title='bbox 1055 4503 1165 4571; x_wconf 72' lang='lat' dir='ltr'>G(Ic}s).</span> <span class='ocrx_word' id='word_1_362' title='bbox 1181 4503 1193 4572; x_wconf 95' lang='grc'>11</span> <span class='ocrx_word' id='word_1_363' title='bbox 1218 4508 1348 4559; x_wconf 82' lang='lat' dir='ltr'>23V111:</span> <span class='ocrx_word' id='word_1_364' title='bbox 1371 4513 1408 4560; x_wconf 86' lang='lat' dir='ltr'>sic</span> <span class='ocrx_word' id='word_1_365' title='bbox 1428 4511 1478 4561; x_wconf 88' lang='lat' dir='ltr'>GH</span> <span class='ocrx_word' id='word_1_366' title='bbox 1520 4510 1524 4515; x_wconf 78' lang='grc'><strong>”</strong></span> 
     </span>
    </p>
   </div>
   <div class='ocr_carea' id='block_1_5' title="bbox 338 4601 1477 4858">
    <p class='ocr_par' dir='ltr' id='par_1_10' title="bbox 338 4601 1477 4858">
     <span class='ocr_line' id='line_1_40' title="bbox 338 4601 1477 4695; baseline 0.003 -19"><span class='ocrx_word' id='word_1_367' title='bbox 338 4627 422 4691; x_wconf 78' lang='lat' dir='ltr'>(Llcl,</span> <span class='ocrx_word' id='word_1_368' title='bbox 440 4601 516 4680; x_wconf 74' lang='lat' dir='ltr'>Vili.</span> <span class='ocrx_word' id='word_1_369' title='bbox 534 4629 611 4693; x_wconf 64' lang='lat' dir='ltr'>ccliv).</span> <span class='ocrx_word' id='word_1_370' title='bbox 635 4625 647 4695; x_wconf 95' lang='grc'>11</span> <span class='ocrx_word' id='word_1_371' title='bbox 671 4624 718 4691; x_wconf 87' lang='lat' dir='ltr'>[ad</span> <span class='ocrx_word' id='word_1_372' title='bbox 736 4625 887 4677; x_wconf 85' lang='lat' dir='ltr'>brumales:</span> <span class='ocrx_word' id='word_1_373' title='bbox 905 4624 963 4674; x_wconf 74' lang='lat' dir='ltr'>dinc</span> <span class='ocrx_word' id='word_1_374' title='bbox 975 4626 1057 4674; x_wconf 79' lang='lat' dir='ltr'>denuo</span> <span class='ocrx_word' id='word_1_375' title='bbox 1070 4623 1104 4678; x_wconf 82' lang='lat' dir='ltr'>E.</span> <span class='ocrx_word' id='word_1_376' title='bbox 1122 4625 1156 4687; x_wconf 73' lang='lat' dir='ltr'>cs.</span> <span class='ocrx_word' id='word_1_377' title='bbox 1173 4627 1249 4690; x_wconf 82' lang='lat' dir='ltr'>adp.</span> <span class='ocrx_word' id='word_1_378' title='bbox 1267 4628 1331 4685; x_wconf 81' lang='lat'><strong><em>233,</em></strong></span> <span class='ocrx_word' id='word_1_379' title='bbox 1343 4630 1385 4682; x_wconf 85' lang='lat'>20.</span> <span class='ocrx_word' id='word_1_380' title='bbox 1410 4626 1423 4695; x_wconf 95' lang='grc'>11</span> <span class='ocrx_word' id='word_1_381' title='bbox 1444 4631 1477 4679; x_wconf 77' lang='lat'>26</span> 
     </span>
     <span class='ocr_line' id='line_1_41' title="bbox 338 4711 783 4777; baseline -0.002 -15"><span class='ocrx_word' id='word_1_382' title='bbox 338 4711 491 4777; x_wconf 84' lang='lat' dir='ltr'>adparatus</span> <span class='ocrx_word' id='word_1_383' title='bbox 509 4718 539 4763; x_wconf 91' lang='lat' dir='ltr'>ut</span> <span class='ocrx_word' id='word_1_384' title='bbox 556 4715 625 4763; x_wconf 89' lang='lat' dir='ltr'>sint:</span> <span class='ocrx_word' id='word_1_385' title='bbox 642 4713 680 4762; x_wconf 83' lang='lat' dir='ltr'>sic</span> <span class='ocrx_word' id='word_1_386' title='bbox 698 4711 783 4766; x_wconf 81' lang='lat' dir='ltr'>EGH.</span> 
     </span>
     <span class='ocr_line' id='line_1_42' title="bbox 374 4793 1274 4858; baseline 0.012 -13"><span class='ocrx_word' id='word_1_387' title='bbox 374 4812 487 4848; x_wconf 82' lang='lat' dir='ltr'>vrrnuv.</span> <span class='ocrx_word' id='word_1_388' title='bbox 506 4814 541 4848; x_wconf 82' lang='lat' dir='ltr'>mr</span> <span class='ocrx_word' id='word_1_389' title='bbox 561 4813 673 4849; x_wconf 76' lang='lat' dir='ltr'>Ancum.</span> <span class='ocrx_word' id='word_1_390' title='bbox 701 4851 705 4858; x_wconf 70' lang='grc'><em>,</em></span> <span class='ocrx_word' id='word_1_391' title='bbox 1234 4793 1274 4856; x_wconf 89' lang='grc'>16</span> 
     </span>
    </p>
   </div>
   <div class='ocr_carea' id='block_1_6' title="bbox 0 0 1896 5625">
    <p class='ocr_par' dir='ltr' id='par_1_11' title="bbox 0 0 1896 5625">
     <span class='ocr_line' id='line_1_43' title="bbox 0 0 1896 5625; baseline 0 5"><span class='ocrx_word' id='word_1_392' title='bbox 0 0 1896 5625; x_wconf 95' lang='lat' dir='ltr'> </span> 
     </span>
    </p>
   </div>
  </div>
 </body>
</html>
