<?xml version="1.0" encoding="UTF-8"?>
<!DOCTYPE html PUBLIC "-//W3C//DTD XHTML 1.0 Transitional//EN"
    "http://www.w3.org/TR/xhtml1/DTD/xhtml1-transitional.dtd">
<html xmlns="http://www.w3.org/1999/xhtml" xml:lang="en" lang="en">
 <head>
  <title>
</title>
<meta http-equiv="Content-Type" content="text/html;charset=utf-8" />
  <meta name='ocr-system' content='tesseract 3.04.00' />
  <meta name='ocr-capabilities' content='ocr_page ocr_carea ocr_par ocr_line ocrx_word'/>
</head>
<body>
  <div class='ocr_page' id='page_1' title='image "./vitruviidearchi01strgoog_0319.png"; bbox 0 0 3784 5625; ppageno 0'>
   <div class='ocr_carea' id='block_1_1' title="bbox 565 658 1524 721">
    <p class='ocr_par' dir='ltr' id='par_1_1' title="bbox 565 658 1524 721">
     <span class='ocr_line' id='line_1_1' title="bbox 565 658 1524 721; baseline 0.003 -3"><span class='ocrx_word' id='word_1_1' title='bbox 565 674 613 719; x_wconf 87' lang='lat' dir='ltr'>nn</span> <span class='ocrx_word' id='word_1_2' title='bbox 636 671 797 721; x_wconf 81' lang='lat' dir='ltr'>mvnasrs</span> <span class='ocrx_word' id='word_1_3' title='bbox 819 671 980 719; x_wconf 68' lang='lat' dir='ltr'>ersmers</span> <span class='ocrx_word' id='word_1_4' title='bbox 1003 671 1341 718; x_wconf 75' lang='lat' dir='ltr'>sucurrscromcan.</span> <span class='ocrx_word' id='word_1_5' title='bbox 1463 658 1524 721; x_wconf 82' lang='lat'>301</span> 
     </span>
    </p>
   </div>
   <div class='ocr_carea' id='block_1_2' title="bbox 319 823 1576 2027">
    <p class='ocr_par' dir='ltr' id='par_1_2' title="bbox 319 823 1576 2027">
     <span class='ocr_line' id='line_1_2' title="bbox 383 823 1525 911; baseline -0.001 -22"><span class='ocrx_word' id='word_1_6' title='bbox 383 827 496 889; x_wconf 85' lang='lat' dir='ltr'>eadem</span> <span class='ocrx_word' id='word_1_7' title='bbox 512 826 638 890; x_wconf 90' lang='lat' dir='ltr'>ratione</span> <span class='ocrx_word' id='word_1_8' title='bbox 660 835 693 889; x_wconf 90' lang='lat' dir='ltr'>et</span> <span class='ocrx_word' id='word_1_9' title='bbox 714 826 826 911; x_wconf 91' lang='lat' dir='ltr'>planas</span> <span class='ocrx_word' id='word_1_10' title='bbox 848 846 992 887; x_wconf 88' lang='lat' dir='ltr'>cameras</span> <span class='ocrx_word' id='word_1_11' title='bbox 1007 824 1120 887; x_wconf 87' lang='lat' dir='ltr'>facies.</span> <span class='ocrx_word' id='word_1_12' title='bbox 1164 823 1277 887; x_wconf 91' lang='lat' dir='ltr'>utilius</span> <span class='ocrx_word' id='word_1_13' title='bbox 1292 833 1401 886; x_wconf 88' lang='lat' dir='ltr'>autem</span> <span class='ocrx_word' id='word_1_14' title='bbox 1416 824 1525 909; x_wconf 91' lang='lat' dir='ltr'>dispo-</span> 
     </span>
     <span class='ocr_line' id='line_1_3' title="bbox 382 924 1537 1011; baseline -0.004 -20"><span class='ocrx_word' id='word_1_15' title='bbox 382 938 493 1009; x_wconf 84' lang='lat' dir='ltr'>netur,</span> <span class='ocrx_word' id='word_1_16' title='bbox 523 928 551 991; x_wconf 90' lang='lat' dir='ltr'>si</span> <span class='ocrx_word' id='word_1_17' title='bbox 572 925 706 1011; x_wconf 89' lang='lat' dir='ltr'>regulae</span> <span class='ocrx_word' id='word_1_18' title='bbox 735 925 787 989; x_wconf 90' lang='lat' dir='ltr'>vel</span> <span class='ocrx_word' id='word_1_19' title='bbox 808 948 902 989; x_wconf 88' lang='lat' dir='ltr'>arcus</span> <span class='ocrx_word' id='word_1_20' title='bbox 925 925 1024 988; x_wconf 87' lang='lat' dir='ltr'>ferrei</span> <span class='ocrx_word' id='word_1_21' title='bbox 1046 925 1142 1006; x_wconf 88' lang='lat' dir='ltr'>fiant,</span> <span class='ocrx_word' id='word_1_22' title='bbox 1169 935 1206 988; x_wconf 92' lang='lat' dir='ltr'>ut</span> <span class='ocrx_word' id='word_1_23' title='bbox 1227 926 1321 988; x_wconf 89' lang='lat' dir='ltr'>uncis</span> <span class='ocrx_word' id='word_1_24' title='bbox 1343 924 1459 986; x_wconf 86' lang='lat' dir='ltr'>ferreis</span> <span class='ocrx_word' id='word_1_25' title='bbox 1482 925 1537 987; x_wconf 78' lang='lat' dir='ltr'>ad.</span> 
     </span>
     <span class='ocr_line' id='line_1_4' title="bbox 383 1026 1524 1114; baseline -0.004 -22"><span class='ocrx_word' id='word_1_26' title='bbox 383 1030 659 1114; x_wconf 83' lang='lat' dir='ltr'>contignationem</span> <span class='ocrx_word' id='word_1_27' title='bbox 688 1026 928 1113; x_wconf 78' lang='lat' dir='ltr'>suspendantur</span> <span class='ocrx_word' id='word_1_28' title='bbox 950 1029 997 1089; x_wconf 91' lang='lat' dir='ltr'>ita</span> <span class='ocrx_word' id='word_1_29' title='bbox 1018 1038 1054 1090; x_wconf 92' lang='lat' dir='ltr'>ut</span> <span class='ocrx_word' id='word_1_30' title='bbox 1076 1026 1260 1111; x_wconf 80' lang='lat' dir='ltr'>tegularum</span> <span class='ocrx_word' id='word_1_31' title='bbox 1281 1027 1450 1090; x_wconf 85' lang='lat' dir='ltr'>iuncturae</span> <span class='ocrx_word' id='word_1_32' title='bbox 1473 1049 1524 1091; x_wconf 90' lang='lat' dir='ltr'>su·</span> 
     </span>
     <span class='ocr_line' id='line_1_5' title="bbox 383 1128 1557 1217; baseline -0.005 -21"><span class='ocrx_word' id='word_1_33' title='bbox 383 1154 442 1217; x_wconf 91' lang='lat' dir='ltr'>per</span> <span class='ocrx_word' id='word_1_34' title='bbox 464 1130 593 1215; x_wconf 87' lang='lat' dir='ltr'>regulas</span> <span class='ocrx_word' id='word_1_35' title='bbox 617 1128 670 1192; x_wconf 85' lang='lat' dir='ltr'>vel</span> <span class='ocrx_word' id='word_1_36' title='bbox 691 1150 787 1191; x_wconf 91' lang='lat' dir='ltr'>arcus</span> <span class='ocrx_word' id='word_1_37' title='bbox 809 1130 1011 1192; x_wconf 83' lang='lat' dir='ltr'>recumbant.</span> <span class='ocrx_word' id='word_1_38' title='bbox 1050 1131 1233 1215; x_wconf 83' lang='lat' dir='ltr'>superiores</span> <span class='ocrx_word' id='word_1_39' title='bbox 1257 1151 1334 1213; x_wconf 86' lang='lat' dir='ltr'>ergo</span> <span class='ocrx_word' id='word_1_40' title='bbox 1357 1129 1526 1191; x_wconf 89' lang='lat' dir='ltr'>iuncturae</span> <span class='ocrx_word' id='word_1_41' title='bbox 1555 1191 1557 1196; x_wconf 74' lang='grc'>,</span> 
     </span>
     <span class='ocr_line' id='line_1_6' title="bbox 347 1228 1576 1318; baseline -0.004 -22"><span class='ocrx_word' id='word_1_42' title='bbox 347 1248 426 1296; x_wconf 86' lang='lat' dir='ltr'>5ex</span> <span class='ocrx_word' id='word_1_43' title='bbox 453 1230 571 1318; x_wconf 81' lang='lat' dir='ltr'>capillo</span> <span class='ocrx_word' id='word_1_44' title='bbox 599 1240 632 1294; x_wconf 93' lang='lat' dir='ltr'>et</span> <span class='ocrx_word' id='word_1_45' title='bbox 653 1228 771 1314; x_wconf 89' lang='lat' dir='ltr'>argilla</span> <span class='ocrx_word' id='word_1_46' title='bbox 798 1231 933 1293; x_wconf 88' lang='lat' dir='ltr'>subacta</span> <span class='ocrx_word' id='word_1_47' title='bbox 960 1229 1114 1294; x_wconf 88' lang='lat' dir='ltr'>linantur.</span> <span class='ocrx_word' id='word_1_48' title='bbox 1158 1230 1294 1294; x_wconf 86' lang='lat' dir='ltr'>inferior</span> <span class='ocrx_word' id='word_1_49' title='bbox 1319 1239 1427 1293; x_wconf 90' lang='lat' dir='ltr'>autem</span> <span class='ocrx_word' id='word_1_50' title='bbox 1450 1252 1524 1315; x_wconf 89' lang='lat' dir='ltr'>pars</span> <span class='ocrx_word' id='word_1_51' title='bbox 1574 1304 1576 1307; x_wconf 9' lang='grc' dir='ltr'><em>Α</em></span> 
     </span>
     <span class='ocr_line' id='line_1_7' title="bbox 319 1330 1525 1418; baseline -0.004 -20"><span class='ocrx_word' id='word_1_52' title='bbox 319 1347 323 1351; x_wconf 85' lang='grc'><em>’</em></span> <span class='ocrx_word' id='word_1_53' title='bbox 383 1336 552 1398; x_wconf 89' lang='lat' dir='ltr'>iuncturae</span> <span class='ocrx_word' id='word_1_54' title='bbox 581 1354 663 1418; x_wconf 91' lang='lat' dir='ltr'>quae</span> <span class='ocrx_word' id='word_1_55' title='bbox 689 1332 732 1394; x_wconf 89' lang='lat' dir='ltr'>ad</span> <span class='ocrx_word' id='word_1_56' title='bbox 762 1334 985 1417; x_wconf 91' lang='lat' dir='ltr'>pavimentum</span> <span class='ocrx_word' id='word_1_57' title='bbox 1015 1332 1176 1418; x_wconf 78' lang='lat' dir='ltr'>spectabit</span> <span class='ocrx_word' id='word_1_58' title='bbox 1205 1332 1309 1417; x_wconf 89' lang='lat' dir='ltr'>primo</span> <span class='ocrx_word' id='word_1_59' title='bbox 1337 1330 1424 1393; x_wconf 88' lang='lat' dir='ltr'>calce</span> <span class='ocrx_word' id='word_1_60' title='bbox 1452 1353 1525 1394; x_wconf 92' lang='lat' dir='ltr'>cum</span> 
     </span>
     <span class='ocr_line' id='line_1_8' title="bbox 382 1431 1527 1520; baseline -0.003 -21"><span class='ocrx_word' id='word_1_61' title='bbox 382 1444 469 1500; x_wconf 88' lang='lat' dir='ltr'>testa</span> <span class='ocrx_word' id='word_1_62' title='bbox 491 1443 671 1520; x_wconf 88' lang='lat' dir='ltr'>temperata</span> <span class='ocrx_word' id='word_1_63' title='bbox 693 1431 888 1516; x_wconf 74' lang='lat' dir='ltr'>trullizetur,</span> <span class='ocrx_word' id='word_1_64' title='bbox 912 1433 1032 1496; x_wconf 87' lang='lat' dir='ltr'>deinde</span> <span class='ocrx_word' id='word_1_65' title='bbox 1053 1432 1177 1497; x_wconf 89' lang='lat' dir='ltr'>albario</span> <span class='ocrx_word' id='word_1_66' title='bbox 1193 1435 1264 1495; x_wconf 89' lang='lat' dir='ltr'>sive</span> <span class='ocrx_word' id='word_1_67' title='bbox 1279 1434 1415 1497; x_wconf 89' lang='lat' dir='ltr'>tectorio</span> <span class='ocrx_word' id='word_1_68' title='bbox 1430 1455 1527 1519; x_wconf 89' lang='lat' dir='ltr'>opere</span> 
     </span>
     <span class='ocr_line' id='line_1_9' title="bbox 383 1532 1525 1619; baseline -0.003 -20"><span class='ocrx_word' id='word_1_69' title='bbox 383 1536 567 1600; x_wconf 86' lang='lat' dir='ltr'>inducatur.</span> <span class='ocrx_word' id='word_1_70' title='bbox 611 1536 714 1597; x_wconf 88' lang='lat' dir='ltr'>maior</span> <span class='ocrx_word' id='word_1_71' title='bbox 740 1545 849 1597; x_wconf 88' lang='lat' dir='ltr'>tamen</span> <span class='ocrx_word' id='word_1_72' title='bbox 872 1546 904 1597; x_wconf 92' lang='lat' dir='ltr'>et</span> <span class='ocrx_word' id='word_1_73' title='bbox 926 1535 1118 1619; x_wconf 82' lang='lat' dir='ltr'>diligentiae</span> <span class='ocrx_word' id='word_1_74' title='bbox 1141 1543 1173 1597; x_wconf 91' lang='lat' dir='ltr'>et</span> <span class='ocrx_word' id='word_1_75' title='bbox 1194 1533 1348 1599; x_wconf 83' lang='lat' dir='ltr'>utilitatis</span> <span class='ocrx_word' id='word_1_76' title='bbox 1370 1536 1454 1599; x_wconf 85' lang='lat' dir='ltr'>ratio&#39;</span> <span class='ocrx_word' id='word_1_77' title='bbox 1476 1532 1525 1597; x_wconf 69' lang='lat' dir='ltr'>ui-</span> 
     </span>
     <span class='ocr_line' id='line_1_10' title="bbox 384 1635 1525 1723; baseline -0.002 -22"><span class='ocrx_word' id='word_1_78' title='bbox 384 1637 490 1721; x_wconf 84' lang='lat' dir='ltr'>detur,</span> <span class='ocrx_word' id='word_1_79' title='bbox 515 1639 543 1702; x_wconf 92' lang='lat' dir='ltr'>si</span> <span class='ocrx_word' id='word_1_80' title='bbox 565 1635 711 1723; x_wconf 88' lang='lat' dir='ltr'>duplices</span> <span class='ocrx_word' id='word_1_81' title='bbox 736 1635 924 1700; x_wconf 88' lang='lat' dir='ltr'>balnearum</span> <span class='ocrx_word' id='word_1_82' title='bbox 949 1658 1095 1699; x_wconf 87' lang='lat' dir='ltr'>camerae</span> <span class='ocrx_word' id='word_1_83' title='bbox 1116 1636 1205 1718; x_wconf 86' lang='lat' dir='ltr'>fiant,</span> <span class='ocrx_word' id='word_1_84' title='bbox 1228 1636 1364 1700; x_wconf 82' lang='lat' dir='ltr'>inferior</span> <span class='ocrx_word' id='word_1_85' title='bbox 1380 1653 1525 1700; x_wconf 88' lang='lat' dir='ltr'>caemen-</span> 
     </span>
     <span class='ocr_line' id='line_1_11' title="bbox 330 1737 1527 1824; baseline -0.002 -22"><span class='ocrx_word' id='word_1_86' title='bbox 330 1754 366 1802; x_wconf 90' lang='lat'>10</span> <span class='ocrx_word' id='word_1_87' title='bbox 384 1740 462 1802; x_wconf 89' lang='lat' dir='ltr'>ticia</span> <span class='ocrx_word' id='word_1_88' title='bbox 485 1747 517 1801; x_wconf 87' lang='lat' dir='ltr'>et</span> <span class='ocrx_word' id='word_1_89' title='bbox 540 1739 689 1823; x_wconf 87' lang='lat' dir='ltr'>superior</span> <span class='ocrx_word' id='word_1_90' title='bbox 716 1760 883 1824; x_wconf 88' lang='lat' dir='ltr'>suspensa.</span> <span class='ocrx_word' id='word_1_91' title='bbox 928 1739 1014 1801; x_wconf 90' lang='lat' dir='ltr'>inter</span> <span class='ocrx_word' id='word_1_92' title='bbox 1042 1737 1123 1802; x_wconf 89' lang='lat' dir='ltr'>duas</span> <span class='ocrx_word' id='word_1_93' title='bbox 1153 1740 1238 1801; x_wconf 89' lang='lat' dir='ltr'>enim</span> <span class='ocrx_word' id='word_1_94' title='bbox 1267 1760 1411 1802; x_wconf 88' lang='lat' dir='ltr'>cameras</span> <span class='ocrx_word' id='word_1_95' title='bbox 1434 1761 1527 1803; x_wconf 91' lang='lat' dir='ltr'>umor</span> 
     </span>
     <span class='ocr_line' id='line_1_12' title="bbox 384 1839 1526 1925; baseline 0 -22"><span class='ocrx_word' id='word_1_96' title='bbox 384 1849 527 1903; x_wconf 88' lang='lat' dir='ltr'>retentus</span> <span class='ocrx_word' id='word_1_97' title='bbox 550 1862 726 1924; x_wconf 90' lang='lat' dir='ltr'>numquam</span> <span class='ocrx_word' id='word_1_98' title='bbox 749 1839 881 1903; x_wconf 87' lang='lat' dir='ltr'>vitiabit</span> <span class='ocrx_word' id='word_1_99' title='bbox 903 1842 1173 1925; x_wconf 81' lang='lat' dir='ltr'>contignationes.</span> <span class='ocrx_word' id='word_1_100' title='bbox 1218 1840 1404 1905; x_wconf 86' lang='lat' dir='ltr'>sudationes</span> <span class='ocrx_word' id='word_1_101' title='bbox 1428 1844 1526 1905; x_wconf 86' lang='lat' dir='ltr'>etiam</span> 
     </span>
     <span class='ocr_line' id='line_1_13' title="bbox 385 1939 820 2027; baseline 0 -23"><span class='ocrx_word' id='word_1_102' title='bbox 385 1940 639 2027; x_wconf 90' lang='lat' dir='ltr'>praestabuntur</span> <span class='ocrx_word' id='word_1_103' title='bbox 660 1939 820 2004; x_wconf 89' lang='lat' dir='ltr'>meliores.</span> 
     </span>
    </p>
   </div>
   <div class='ocr_carea' id='block_1_3' title="bbox 471 2040 1679 2130">
    <p class='ocr_par' dir='ltr' id='par_1_3' title="bbox 471 2040 1679 2130">
     <span class='ocr_line' id='line_1_14' title="bbox 471 2040 1679 2130; baseline 0 -24"><span class='ocrx_word' id='word_1_104' title='bbox 471 2040 751 2106; x_wconf 81' lang='lat' dir='ltr'>Considerandum</span> <span class='ocrx_word' id='word_1_105' title='bbox 774 2043 836 2105; x_wconf 91' lang='lat' dir='ltr'>erit</span> <span class='ocrx_word' id='word_1_106' title='bbox 858 2053 894 2107; x_wconf 91' lang='lat' dir='ltr'>ut</span> <span class='ocrx_word' id='word_1_107' title='bbox 914 2042 1018 2108; x_wconf 92' lang='lat' dir='ltr'>solum</span> <span class='ocrx_word' id='word_1_108' title='bbox 1033 2044 1161 2107; x_wconf 87' lang='lat' dir='ltr'>firmum</span> <span class='ocrx_word' id='word_1_109' title='bbox 1178 2046 1221 2108; x_wconf 89' lang='lat' dir='ltr'>sit</span> <span class='ocrx_word' id='word_1_110' title='bbox 1236 2055 1268 2107; x_wconf 91' lang='lat' dir='ltr'>et</span> <span class='ocrx_word' id='word_1_111' title='bbox 1283 2044 1428 2130; x_wconf 87' lang='lat' dir='ltr'>aequale,</span> <span class='ocrx_word' id='word_1_112' title='bbox 1451 2055 1529 2109; x_wconf 89' lang='lat' dir='ltr'>tunc</span> <span class='ocrx_word' id='word_1_113' title='bbox 1541 2046 1619 2086; x_wconf 68' lang='lat' dir='ltr'>XVffl·</span> <span class='ocrx_word' id='word_1_114' title='bbox 1649 2046 1679 2086; x_wconf 56' lang='grc' dir='ltr'>ΒΘ</span> 
     </span>
    </p>
   </div>
   <div class='ocr_carea' id='block_1_4' title="bbox 1543 2097 1677 2150">
    <p class='ocr_par' dir='ltr' id='par_1_4' title="bbox 1543 2097 1677 2150">
     <span class='ocr_line' id='line_1_15' title="bbox 1543 2097 1677 2150; baseline 0 -14"><span class='ocrx_word' id='word_1_115' title='bbox 1543 2097 1677 2150; x_wconf 83' lang='lat' dir='ltr'>expolitioni</span> 
     </span>
    </p>
   </div>
   <div class='ocr_carea' id='block_1_5' title="bbox 385 2143 1664 2231">
    <p class='ocr_par' dir='ltr' id='par_1_5' title="bbox 385 2143 1664 2231">
     <span class='ocr_line' id='line_1_16' title="bbox 385 2143 1664 2231; baseline 0.002 -25"><span class='ocrx_word' id='word_1_116' title='bbox 385 2143 485 2207; x_wconf 90' lang='lat' dir='ltr'>rudus</span> <span class='ocrx_word' id='word_1_117' title='bbox 507 2143 682 2206; x_wconf 87' lang='lat' dir='ltr'>inducatur</span> <span class='ocrx_word' id='word_1_118' title='bbox 704 2152 735 2211; x_wconf 89' lang='lat' dir='ltr'>et</span> <span class='ocrx_word' id='word_1_119' title='bbox 757 2144 905 2208; x_wconf 87' lang='lat' dir='ltr'>vectibus</span> <span class='ocrx_word' id='word_1_120' title='bbox 922 2143 1041 2229; x_wconf 89' lang='lat' dir='ltr'>ligneis</span> <span class='ocrx_word' id='word_1_121' title='bbox 1057 2156 1229 2209; x_wconf 86' lang='lat' dir='ltr'>contusum</span> <span class='ocrx_word' id='word_1_122' title='bbox 1245 2143 1397 2207; x_wconf 89' lang='lat' dir='ltr'>calcetur.</span> <span class='ocrx_word' id='word_1_123' title='bbox 1431 2168 1528 2231; x_wconf 91' lang='lat' dir='ltr'>supra</span> <span class='ocrx_word' id='word_1_124' title='bbox 1551 2150 1590 2188; x_wconf 63' lang='lat' dir='ltr'>bus</span> <span class='ocrx_word' id='word_1_125' title='bbox 1605 2150 1664 2201; x_wconf 74' lang='lat' dir='ltr'>pau-</span> 
     </span>
    </p>
   </div>
   <div class='ocr_carea' id='block_1_6' title="bbox 1542 2205 1669 2239">
    <p class='ocr_par' dir='ltr' id='par_1_6' title="bbox 1542 2205 1669 2239">
     <span class='ocr_line' id='line_1_17' title="bbox 1542 2205 1669 2239; baseline 0 -2"><span class='ocrx_word' id='word_1_126' title='bbox 1542 2205 1669 2239; x_wconf 84' lang='lat' dir='ltr'>mentorum.</span> 
     </span>
    </p>
   </div>
   <div class='ocr_carea' id='block_1_7' title="bbox 331 2246 1666 2634">
    <p class='ocr_par' dir='ltr' id='par_1_7' title="bbox 331 2246 1666 2634">
     <span class='ocr_line' id='line_1_18' title="bbox 331 2246 1665 2332; baseline 0 -22"><span class='ocrx_word' id='word_1_127' title='bbox 331 2262 368 2310; x_wconf 86' lang='lat'>15</span> <span class='ocrx_word' id='word_1_128' title='bbox 385 2246 522 2330; x_wconf 87' lang='lat' dir='ltr'>inpensa</span> <span class='ocrx_word' id='word_1_129' title='bbox 547 2254 690 2307; x_wconf 87' lang='lat' dir='ltr'>testacea</span> <span class='ocrx_word' id='word_1_130' title='bbox 718 2246 858 2308; x_wconf 89' lang='lat' dir='ltr'>crassior</span> <span class='ocrx_word' id='word_1_131' title='bbox 885 2246 1059 2309; x_wconf 90' lang='lat' dir='ltr'>inducatur</span> <span class='ocrx_word' id='word_1_132' title='bbox 1081 2256 1112 2308; x_wconf 91' lang='lat' dir='ltr'>et</span> <span class='ocrx_word' id='word_1_133' title='bbox 1134 2248 1252 2310; x_wconf 91' lang='lat' dir='ltr'>iterum</span> <span class='ocrx_word' id='word_1_134' title='bbox 1280 2246 1429 2309; x_wconf 84' lang='lat' dir='ltr'>vectibus</span> <span class='ocrx_word' id='word_1_135' title='bbox 1453 2269 1527 2310; x_wconf 89' lang='lat' dir='ltr'>con·</span> <span class='ocrx_word' id='word_1_136' title='bbox 1550 2283 1606 2322; x_wconf 43' lang='lat' dir='ltr'>vn..</span> <span class='ocrx_word' id='word_1_137' title='bbox 1621 2286 1665 2332; x_wconf 75' lang='lat' dir='ltr'>tl</span> 
     </span>
     <span class='ocr_line' id='line_1_19' title="bbox 385 2343 1526 2432; baseline 0.002 -24"><span class='ocrx_word' id='word_1_138' title='bbox 385 2356 459 2409; x_wconf 91' lang='lat' dir='ltr'>tusa</span> <span class='ocrx_word' id='word_1_139' title='bbox 485 2343 653 2410; x_wconf 88' lang='lat' dir='ltr'>solidetur.</span> <span class='ocrx_word' id='word_1_140' title='bbox 697 2346 794 2409; x_wconf 89' lang='lat' dir='ltr'>tertio</span> <span class='ocrx_word' id='word_1_141' title='bbox 823 2345 961 2409; x_wconf 89' lang='lat' dir='ltr'>nucleus</span> <span class='ocrx_word' id='word_1_142' title='bbox 988 2346 1023 2409; x_wconf 91' lang='lat' dir='ltr'>id</span> <span class='ocrx_word' id='word_1_143' title='bbox 1047 2355 1096 2410; x_wconf 88' lang='lat' dir='ltr'>est</span> <span class='ocrx_word' id='word_1_144' title='bbox 1123 2348 1260 2432; x_wconf 90' lang='lat' dir='ltr'>inpensa</span> <span class='ocrx_word' id='word_1_145' title='bbox 1282 2345 1410 2409; x_wconf 92' lang='lat' dir='ltr'>mollior</span> <span class='ocrx_word' id='word_1_146' title='bbox 1431 2347 1526 2410; x_wconf 93' lang='lat' dir='ltr'>indu-</span> 
     </span>
     <span class='ocr_line' id='line_1_20' title="bbox 386 2445 1526 2534; baseline 0 -23"><span class='ocrx_word' id='word_1_147' title='bbox 386 2457 488 2529; x_wconf 80' lang='lat' dir='ltr'>catur,</span> <span class='ocrx_word' id='word_1_148' title='bbox 508 2456 540 2509; x_wconf 90' lang='lat' dir='ltr'>et</span> <span class='ocrx_word' id='word_1_149' title='bbox 556 2445 769 2532; x_wconf 90' lang='lat' dir='ltr'>politionibus</span> <span class='ocrx_word' id='word_1_150' title='bbox 785 2448 915 2511; x_wconf 86' lang='lat' dir='ltr'>insistat</span> <span class='ocrx_word' id='word_1_151' title='bbox 930 2470 971 2510; x_wconf 88' lang='lat' dir='ltr'>ne</span> <span class='ocrx_word' id='word_1_152' title='bbox 986 2450 1084 2510; x_wconf 89' lang='lat' dir='ltr'>rimas</span> <span class='ocrx_word' id='word_1_153' title='bbox 1100 2447 1233 2512; x_wconf 89' lang='lat' dir='ltr'>inutiles</span> <span class='ocrx_word' id='word_1_154' title='bbox 1250 2450 1340 2534; x_wconf 90' lang='lat' dir='ltr'>operi</span> <span class='ocrx_word' id='word_1_155' title='bbox 1354 2447 1526 2534; x_wconf 89' lang='lat' dir='ltr'>relinquat.</span> 
     </span>
     <span class='ocr_line' id='line_1_21' title="bbox 470 2549 1666 2634; baseline 0.002 -24"><span class='ocrx_word' id='word_1_156' title='bbox 470 2549 510 2610; x_wconf 92' lang='lat' dir='ltr'>ln</span> <span class='ocrx_word' id='word_1_157' title='bbox 538 2549 835 2632; x_wconf 86' lang='lat' dir='ltr'>contignationibus</span> <span class='ocrx_word' id='word_1_158' title='bbox 864 2549 1041 2632; x_wconf 87' lang='lat' dir='ltr'>diligenter</span> <span class='ocrx_word' id='word_1_159' title='bbox 1068 2549 1313 2634; x_wconf 89' lang='lat' dir='ltr'>respiciendum</span> <span class='ocrx_word' id='word_1_160' title='bbox 1341 2560 1390 2613; x_wconf 89' lang='lat' dir='ltr'>est</span> <span class='ocrx_word' id='word_1_161' title='bbox 1417 2560 1453 2613; x_wconf 91' lang='lat' dir='ltr'>ut</span> <span class='ocrx_word' id='word_1_162' title='bbox 1475 2573 1527 2614; x_wconf 90' lang='lat' dir='ltr'>ae·</span> <span class='ocrx_word' id='word_1_163' title='bbox 1555 2552 1613 2612; x_wconf 66' lang='lat' dir='ltr'>xlx·</span> <span class='ocrx_word' id='word_1_164' title='bbox 1636 2553 1666 2593; x_wconf 73' lang='lat'>⁰⁰</span> 
     </span>
    </p>
   </div>
   <div class='ocr_carea' id='block_1_8' title="bbox 1543 2605 1670 2655">
    <p class='ocr_par' dir='ltr' id='par_1_8' title="bbox 1543 2605 1670 2655">
     <span class='ocr_line' id='line_1_22' title="bbox 1543 2605 1670 2655; baseline 0 -13"><span class='ocrx_word' id='word_1_165' title='bbox 1543 2605 1670 2655; x_wconf 79' lang='lat' dir='ltr'>pavimentis</span> 
     </span>
    </p>
   </div>
   <div class='ocr_carea' id='block_1_9' title="bbox 387 2649 1678 2737">
    <p class='ocr_par' dir='ltr' id='par_1_9' title="bbox 387 2649 1678 2737">
     <span class='ocr_line' id='line_1_23' title="bbox 387 2649 1678 2737; baseline -0.002 -22"><span class='ocrx_word' id='word_1_166' title='bbox 387 2650 525 2737; x_wconf 89' lang='lat' dir='ltr'>qualitas</span> <span class='ocrx_word' id='word_1_167' title='bbox 550 2649 619 2714; x_wconf 51' lang='lat' dir='ltr'>soli⁴</span> <span class='ocrx_word' id='word_1_168' title='bbox 634 2649 805 2732; x_wconf 86' lang='lat' dir='ltr'>dirigatur.</span> <span class='ocrx_word' id='word_1_169' title='bbox 848 2652 926 2713; x_wconf 91' lang='lat' dir='ltr'>item</span> <span class='ocrx_word' id='word_1_170' title='bbox 949 2649 1056 2713; x_wconf 91' lang='lat' dir='ltr'>danda</span> <span class='ocrx_word' id='word_1_171' title='bbox 1078 2660 1128 2714; x_wconf 91' lang='lat' dir='ltr'>est</span> <span class='ocrx_word' id='word_1_172' title='bbox 1150 2673 1249 2737; x_wconf 91' lang='lat' dir='ltr'>opera</span> <span class='ocrx_word' id='word_1_173' title='bbox 1270 2673 1311 2713; x_wconf 92' lang='lat' dir='ltr'>ne</span> <span class='ocrx_word' id='word_1_174' title='bbox 1332 2674 1411 2713; x_wconf 84' lang='lat' dir='ltr'>axes</span> <span class='ocrx_word' id='word_1_175' title='bbox 1435 2667 1678 2737; x_wconf 52' lang='grc' dir='ltr'>φεῖ-52130011·</span> 
     </span>
    </p>
   </div>
   <div class='ocr_carea' id='block_1_10' title="bbox 1540 2706 1678 2745">
    <p class='ocr_par' dir='ltr' id='par_1_10' title="bbox 1540 2706 1678 2745">
     <span class='ocr_line' id='line_1_24' title="bbox 1540 2706 1678 2745; baseline 0 -1"><span class='ocrx_word' id='word_1_176' title='bbox 1540 2706 1678 2745; x_wconf 59' lang='lat' dir='ltr'>donationem</span> 
     </span>
    </p>
   </div>
   <div class='ocr_carea' id='block_1_11' title="bbox 331 2734 1666 2840">
    <p class='ocr_par' dir='ltr' id='par_1_11' title="bbox 331 2734 1666 2840">
     <span class='ocr_line' id='line_1_25' title="bbox 331 2734 1666 2840; baseline -0.004 -19"><span class='ocrx_word' id='word_1_177' title='bbox 331 2772 370 2821; x_wconf 76' lang='lat'>20</span> <span class='ocrx_word' id='word_1_178' title='bbox 387 2755 436 2816; x_wconf 87' lang='lat' dir='ltr'>cei</span> <span class='ocrx_word' id='word_1_179' title='bbox 459 2775 531 2815; x_wconf 92' lang='lat' dir='ltr'>cum</span> <span class='ocrx_word' id='word_1_180' title='bbox 554 2750 728 2816; x_wconf 86' lang='lat' dir='ltr'>aesculinis</span> <span class='ocrx_word' id='word_1_181' title='bbox 747 2753 1027 2817; x_wconf 86' lang='lat' dir='ltr'>commisceantur.</span> <span class='ocrx_word' id='word_1_182' title='bbox 1064 2775 1139 2816; x_wconf 91' lang='lat' dir='ltr'>nam</span> <span class='ocrx_word' id='word_1_183' title='bbox 1155 2774 1292 2839; x_wconf 91' lang='lat' dir='ltr'>quercus</span> <span class='ocrx_word' id='word_1_184' title='bbox 1308 2775 1382 2816; x_wconf 92' lang='lat' dir='ltr'>cum</span> <span class='ocrx_word' id='word_1_185' title='bbox 1396 2763 1532 2840; x_wconf 89' lang='lat' dir='ltr'>accepto</span> <span class='ocrx_word' id='word_1_186' title='bbox 1556 2734 1666 2796; x_wconf 51' lang='lat' dir='ltr'>facietis·</span> 
     </span>
    </p>
   </div>
   <div class='ocr_carea' id='block_1_12' title="bbox 386 2844 1679 2945">
    <p class='ocr_par' dir='ltr' id='par_1_12' title="bbox 386 2844 1679 2945">
     <span class='ocr_line' id='line_1_26' title="bbox 386 2844 1679 2945; baseline 0.002 -27"><span class='ocrx_word' id='word_1_187' title='bbox 386 2877 497 2919; x_wconf 91' lang='lat' dir='ltr'>umore</span> <span class='ocrx_word' id='word_1_188' title='bbox 532 2857 708 2918; x_wconf 90' lang='lat' dir='ltr'>siccescere</span> <span class='ocrx_word' id='word_1_189' title='bbox 741 2857 884 2940; x_wconf 91' lang='lat' dir='ltr'>coeperit</span> <span class='ocrx_word' id='word_1_190' title='bbox 910 2864 1065 2918; x_wconf 90' lang='lat' dir='ltr'>arcuatur</span> <span class='ocrx_word' id='word_1_191' title='bbox 1093 2865 1124 2918; x_wconf 92' lang='lat' dir='ltr'>et</span> <span class='ocrx_word' id='word_1_192' title='bbox 1151 2856 1250 2918; x_wconf 92' lang='lat' dir='ltr'>rimas</span> <span class='ocrx_word' id='word_1_193' title='bbox 1279 2855 1412 2920; x_wconf 89' lang='lat' dir='ltr'>inutiles</span> <span class='ocrx_word' id='word_1_194' title='bbox 1439 2859 1529 2943; x_wconf 89' lang='lat' dir='ltr'>operi</span> <span class='ocrx_word' id='word_1_195' title='bbox 1543 2844 1679 2945; x_wconf 38' lang='lat' dir='ltr'>(illidat,</span> 
     </span>
    </p>
   </div>
   <div class='ocr_carea' id='block_1_13' title="bbox 332 2954 1538 3653">
    <p class='ocr_par' dir='ltr' id='par_1_13' title="bbox 332 2954 1538 3653">
     <span class='ocr_line' id='line_1_27' title="bbox 388 2954 1526 3042; baseline 0 -22"><span class='ocrx_word' id='word_1_196' title='bbox 388 2956 507 3020; x_wconf 87' lang='lat' dir='ltr'>efficiet</span> <span class='ocrx_word' id='word_1_197' title='bbox 513 3007 522 3039; x_wconf 83' lang='lat'><em>‚</em></span> <span class='ocrx_word' id='word_1_198' title='bbox 551 2954 700 3019; x_wconf 88' lang='lat' dir='ltr'>aesculus</span> <span class='ocrx_word' id='word_1_199' title='bbox 729 2954 905 3039; x_wconf 89' lang='lat' dir='ltr'>diligenter</span> <span class='ocrx_word' id='word_1_200' title='bbox 932 2957 1111 3042; x_wconf 91' lang='lat' dir='ltr'>composita</span> <span class='ocrx_word' id='word_1_201' title='bbox 1132 2955 1174 3017; x_wconf 90' lang='lat' dir='ltr'>ad</span> <span class='ocrx_word' id='word_1_202' title='bbox 1196 2957 1447 3041; x_wconf 88' lang='lat' dir='ltr'>perpetuitatem</span> <span class='ocrx_word' id='word_1_203' title='bbox 1469 2958 1526 3020; x_wconf 91' lang='lat' dir='ltr'>du-</span> 
     </span>
     <span class='ocr_line' id='line_1_28' title="bbox 387 3055 1527 3141; baseline 0 -20"><span class='ocrx_word' id='word_1_204' title='bbox 387 3058 483 3121; x_wconf 89' lang='lat' dir='ltr'>rabit.</span> <span class='ocrx_word' id='word_1_205' title='bbox 521 3080 634 3120; x_wconf 90' lang='lat' dir='ltr'>verum</span> <span class='ocrx_word' id='word_1_206' title='bbox 657 3059 685 3120; x_wconf 91' lang='lat' dir='ltr'>si</span> <span class='ocrx_word' id='word_1_207' title='bbox 708 3058 818 3141; x_wconf 87' lang='lat' dir='ltr'>inopia</span> <span class='ocrx_word' id='word_1_208' title='bbox 840 3056 902 3119; x_wconf 93' lang='lat' dir='ltr'>loci</span> <span class='ocrx_word' id='word_1_209' title='bbox 923 3055 1074 3121; x_wconf 89' lang='lat' dir='ltr'>aesculus</span> <span class='ocrx_word' id='word_1_210' title='bbox 1095 3057 1246 3140; x_wconf 80' lang='lat' dir='ltr'>defuerit,</span> <span class='ocrx_word' id='word_1_211' title='bbox 1269 3059 1304 3120; x_wconf 93' lang='lat' dir='ltr'>in</span> <span class='ocrx_word' id='word_1_212' title='bbox 1318 3060 1527 3121; x_wconf 87' lang='lat' dir='ltr'>tenuissimos</span> 
     </span>
     <span class='ocr_line' id='line_1_29' title="bbox 387 3159 1527 3245; baseline -0.001 -22"><span class='ocrx_word' id='word_1_213' title='bbox 387 3182 466 3223; x_wconf 87' lang='lat' dir='ltr'>axes</span> <span class='ocrx_word' id='word_1_214' title='bbox 495 3181 631 3245; x_wconf 90' lang='lat' dir='ltr'>quercus</span> <span class='ocrx_word' id='word_1_215' title='bbox 654 3167 798 3240; x_wconf 79' lang='lat' dir='ltr'>secetur,</span> <span class='ocrx_word' id='word_1_216' title='bbox 827 3167 859 3221; x_wconf 90' lang='lat' dir='ltr'>et</span> <span class='ocrx_word' id='word_1_217' title='bbox 881 3160 1022 3244; x_wconf 90' lang='lat' dir='ltr'>primum</span> <span class='ocrx_word' id='word_1_218' title='bbox 1044 3161 1079 3222; x_wconf 92' lang='lat' dir='ltr'>in</span> <span class='ocrx_word' id='word_1_219' title='bbox 1101 3159 1225 3223; x_wconf 87' lang='lat' dir='ltr'>directo</span> <span class='ocrx_word' id='word_1_220' title='bbox 1247 3161 1375 3222; x_wconf 89' lang='lat' dir='ltr'>iactatis</span> <span class='ocrx_word' id='word_1_221' title='bbox 1397 3160 1527 3242; x_wconf 85' lang='lat' dir='ltr'>axibus,</span> 
     </span>
     <span class='ocr_line' id='line_1_30' title="bbox 332 3259 1538 3350; baseline -0.004 -22"><span class='ocrx_word' id='word_1_222' title='bbox 332 3279 370 3328; x_wconf 80' lang='lat'>25</span> <span class='ocrx_word' id='word_1_223' title='bbox 389 3260 600 3346; x_wconf 85' lang='lat' dir='ltr'>sequentibus</span> <span class='ocrx_word' id='word_1_224' title='bbox 623 3262 657 3323; x_wconf 91' lang='lat' dir='ltr'>in</span> <span class='ocrx_word' id='word_1_225' title='bbox 679 3271 867 3325; x_wconf 86' lang='lat' dir='ltr'>transverso</span> <span class='ocrx_word' id='word_1_226' title='bbox 890 3263 1013 3343; x_wconf 71' lang='lat' dir='ltr'>stratis,</span> <span class='ocrx_word' id='word_1_227' title='bbox 1036 3261 1122 3325; x_wconf 89' lang='lat' dir='ltr'>binis</span> <span class='ocrx_word' id='word_1_228' title='bbox 1145 3259 1248 3324; x_wconf 89' lang='lat' dir='ltr'>clavis</span> <span class='ocrx_word' id='word_1_229' title='bbox 1268 3261 1381 3325; x_wconf 89' lang='lat' dir='ltr'>crebro</span> <span class='ocrx_word' id='word_1_230' title='bbox 1395 3261 1438 3324; x_wconf 89' lang='lat' dir='ltr'>ad</span> <span class='ocrx_word' id='word_1_231' title='bbox 1453 3283 1538 3350; x_wconf 86' lang='lat' dir='ltr'>con-¹</span> 
     </span>
     <span class='ocr_line' id='line_1_31' title="bbox 388 3362 1529 3449; baseline 0.001 -24"><span class='ocrx_word' id='word_1_232' title='bbox 388 3363 603 3445; x_wconf 85' lang='lat' dir='ltr'>tignationem</span> <span class='ocrx_word' id='word_1_233' title='bbox 626 3363 762 3427; x_wconf 83' lang='lat' dir='ltr'>confixis</span> <span class='ocrx_word' id='word_1_234' title='bbox 785 3362 911 3426; x_wconf 90' lang='lat' dir='ltr'>utiliter</span> <span class='ocrx_word' id='word_1_235' title='bbox 933 3365 1024 3449; x_wconf 87' lang='lat' dir='ltr'>operi</span> <span class='ocrx_word' id='word_1_236' title='bbox 1047 3363 1259 3427; x_wconf 91' lang='lat' dir='ltr'>subicientur.</span> <span class='ocrx_word' id='word_1_237' title='bbox 1296 3363 1337 3426; x_wconf 89' lang='lat' dir='ltr'>de</span> <span class='ocrx_word' id='word_1_238' title='bbox 1360 3385 1450 3428; x_wconf 89' lang='lat' dir='ltr'>cerro</span> <span class='ocrx_word' id='word_1_239' title='bbox 1472 3373 1529 3426; x_wconf 87' lang='lat' dir='ltr'>aut</span> 
     </span>
     <span class='ocr_line' id='line_1_32' title="bbox 389 3463 1527 3553; baseline 0.005 -30"><span class='ocrx_word' id='word_1_240' title='bbox 389 3464 465 3543; x_wconf 87' lang='lat' dir='ltr'>fago</span> <span class='ocrx_word' id='word_1_241' title='bbox 489 3484 547 3523; x_wconf 89' lang='lat' dir='ltr'>seu</span> <span class='ocrx_word' id='word_1_242' title='bbox 568 3463 660 3526; x_wconf 88' lang='lat' dir='ltr'>farno</span> <span class='ocrx_word' id='word_1_243' title='bbox 683 3466 889 3528; x_wconf 84' lang='lat' dir='ltr'>coaxationes</span> <span class='ocrx_word' id='word_1_244' title='bbox 913 3465 993 3530; x_wconf 90' lang='lat' dir='ltr'>haut</span> <span class='ocrx_word' id='word_1_245' title='bbox 1014 3465 1055 3528; x_wconf 91' lang='lat' dir='ltr'>ad</span> <span class='ocrx_word' id='word_1_246' title='bbox 1071 3475 1267 3530; x_wconf 88' lang='lat' dir='ltr'>vetustatem</span> <span class='ocrx_word' id='word_1_247' title='bbox 1290 3475 1442 3552; x_wconf 89' lang='lat' dir='ltr'>poterunt</span> <span class='ocrx_word' id='word_1_248' title='bbox 1456 3488 1527 3553; x_wconf 90' lang='lat' dir='ltr'>per-</span> 
     </span>
     <span class='ocr_line' id='line_1_33' title="bbox 389 3556 1529 3653; baseline 0.01 -32"><span class='ocrx_word' id='word_1_249' title='bbox 389 3581 529 3621; x_wconf 88' lang='lat' dir='ltr'>manere.</span> <span class='ocrx_word' id='word_1_250' title='bbox 573 3556 702 3628; x_wconf 79' lang='lat' dir='ltr'>iactatis</span> <span class='ocrx_word' id='word_1_251' title='bbox 730 3568 764 3627; x_wconf 93' lang='lat' dir='ltr'>in</span> <span class='ocrx_word' id='word_1_252' title='bbox 786 3565 933 3627; x_wconf 89' lang='lat' dir='ltr'>ordinem</span> <span class='ocrx_word' id='word_1_253' title='bbox 957 3577 988 3631; x_wconf 89' lang='lat' dir='ltr'>et</span> <span class='ocrx_word' id='word_1_254' title='bbox 1010 3570 1198 3653; x_wconf 91' lang='lat' dir='ltr'>compositis</span> <span class='ocrx_word' id='word_1_255' title='bbox 1226 3568 1343 3631; x_wconf 86' lang='lat' dir='ltr'>axibus</span> <span class='ocrx_word' id='word_1_256' title='bbox 1372 3567 1443 3631; x_wconf 86' lang='lat' dir='ltr'>filix</span> <span class='ocrx_word' id='word_1_257' title='bbox 1472 3578 1529 3632; x_wconf 90' lang='lat' dir='ltr'>aut</span> 
     </span>
    </p>
   </div>
   <div class='ocr_carea' id='block_1_14' title="bbox 391 3783 1530 4782">
    <p class='ocr_par' dir='ltr' id='par_1_14' title="bbox 391 3783 1530 4782">
     <span class='ocr_line' id='line_1_34' title="bbox 461 3783 1529 3854; baseline 0.008 -22"><span class='ocrx_word' id='word_1_258' title='bbox 461 3786 472 3832; x_wconf 86' lang='lat'>1</span> <span class='ocrx_word' id='word_1_259' title='bbox 493 3783 652 3847; x_wconf 89' lang='lat' dir='ltr'>disponetur</span> <span class='ocrx_word' id='word_1_260' title='bbox 668 3802 695 3834; x_wconf 85' lang='lat' dir='ltr'>a:</span> <span class='ocrx_word' id='word_1_261' title='bbox 715 3785 836 3850; x_wconf 83' lang='lat' dir='ltr'>quod(qd</span> <span class='ocrx_word' id='word_1_262' title='bbox 846 3785 1047 3853; x_wconf 69' lang='lat' dir='ltr'>piponeturpp.</span> <span class='ocrx_word' id='word_1_263' title='bbox 1070 3786 1083 3854; x_wconf 74' lang='lat' dir='ltr'>ll</span> <span class='ocrx_word' id='word_1_264' title='bbox 1105 3793 1120 3838; x_wconf 94' lang='grc'>2</span> <span class='ocrx_word' id='word_1_265' title='bbox 1138 3791 1218 3840; x_wconf 86' lang='lat' dir='ltr'>uncis</span> <span class='ocrx_word' id='word_1_266' title='bbox 1235 3808 1249 3839; x_wconf 87' lang='grc' dir='ltr'><strong><em>υ</em></strong></span> <span class='ocrx_word' id='word_1_267' title='bbox 1268 3789 1339 3854; x_wconf 77' lang='lat' dir='ltr'>(p0):</span> <span class='ocrx_word' id='word_1_268' title='bbox 1362 3791 1452 3840; x_wconf 87' lang='lat' dir='ltr'>uincis</span> <span class='ocrx_word' id='word_1_269' title='bbox 1470 3797 1529 3841; x_wconf 83' lang='lat' dir='ltr'>ante</span> 
     </span>
     <span class='ocr_line' id='line_1_35' title="bbox 391 3866 1529 3937; baseline 0.003 -17"><span class='ocrx_word' id='word_1_270' title='bbox 391 3887 459 3920; x_wconf 85' lang='lat' dir='ltr'>corr.</span> <span class='ocrx_word' id='word_1_271' title='bbox 478 3886 504 3933; x_wconf 85' lang='lat' dir='ltr'>p,</span> <span class='ocrx_word' id='word_1_272' title='bbox 523 3869 631 3917; x_wconf 89' lang='lat' dir='ltr'>uncinis</span> <span class='ocrx_word' id='word_1_273' title='bbox 648 3885 674 3933; x_wconf 77' lang='lat'>9.</span> <span class='ocrx_word' id='word_1_274' title='bbox 694 3866 705 3935; x_wconf 79' lang='grc' dir='ltr'><strong>Η</strong></span> <span class='ocrx_word' id='word_1_275' title='bbox 729 3874 745 3920; x_wconf 85' lang='lat'><strong>3</strong></span> <span class='ocrx_word' id='word_1_276' title='bbox 763 3875 793 3918; x_wconf 90' lang='lat' dir='ltr'>ut</span> <span class='ocrx_word' id='word_1_277' title='bbox 811 3869 952 3935; x_wconf 85' lang='lat' dir='ltr'>egularum</span> <span class='ocrx_word' id='word_1_278' title='bbox 971 3875 997 3920; x_wconf 83' lang='lat' dir='ltr'>in</span> <span class='ocrx_word' id='word_1_279' title='bbox 1014 3887 1068 3920; x_wconf 82' lang='lat' dir='ltr'>ras.</span> <span class='ocrx_word' id='word_1_280' title='bbox 1087 3871 1154 3937; x_wconf 84' lang='lat' dir='ltr'>(eg.)</span> <span class='ocrx_word' id='word_1_281' title='bbox 1170 3883 1212 3936; x_wconf 67' lang='lat' dir='ltr'>pc.</span> <span class='ocrx_word' id='word_1_282' title='bbox 1232 3869 1243 3937; x_wconf 90' lang='grc' dir='ltr'>ΙΙ</span> <span class='ocrx_word' id='word_1_283' title='bbox 1267 3876 1282 3922; x_wconf 81' lang='lat'><strong>5</strong></span> <span class='ocrx_word' id='word_1_284' title='bbox 1300 3872 1421 3921; x_wconf 88' lang='lat' dir='ltr'>linantur</span> <span class='ocrx_word' id='word_1_285' title='bbox 1432 3891 1478 3937; x_wconf 84' lang='lat' dir='ltr'>sp:</span> <span class='ocrx_word' id='word_1_286' title='bbox 1496 3875 1529 3923; x_wconf 87' lang='lat' dir='ltr'>li·</span> 
     </span>
     <span class='ocr_line' id='line_1_36' title="bbox 391 3950 1529 4023; baseline 0.002 -18"><span class='ocrx_word' id='word_1_287' title='bbox 391 3958 535 4017; x_wconf 69' lang='lat' dir='ltr'>niantury</span> <span class='ocrx_word' id='word_1_288' title='bbox 554 3952 659 4017; x_wconf 55' lang='lat' dir='ltr'>(Vise),</span> <span class='ocrx_word' id='word_1_289' title='bbox 683 3950 694 4019; x_wconf 88' lang='grc' dir='ltr'>ΙΙ</span> <span class='ocrx_word' id='word_1_290' title='bbox 717 3956 732 4003; x_wconf 81' lang='grc'><strong>7</strong></span> <span class='ocrx_word' id='word_1_291' title='bbox 750 3953 905 4003; x_wconf 86' lang='lat' dir='ltr'>trullizetur</span> <span class='ocrx_word' id='word_1_292' title='bbox 920 3970 964 4018; x_wconf 69' lang='lat' dir='ltr'>pp,</span> <span class='ocrx_word' id='word_1_293' title='bbox 984 3951 1220 4020; x_wconf 69' lang='lat' dir='ltr'>trulicdrurv.119</span> <span class='ocrx_word' id='word_1_294' title='bbox 1240 3957 1340 4004; x_wconf 76' lang='lat' dir='ltr'>ceffitia</span> <span class='ocrx_word' id='word_1_295' title='bbox 1357 3973 1379 4005; x_wconf 84' lang='lat' dir='ltr'>v.</span> <span class='ocrx_word' id='word_1_296' title='bbox 1400 3953 1412 4023; x_wconf 90' lang='grc' dir='ltr'>ΙΙ</span> <span class='ocrx_word' id='word_1_297' title='bbox 1433 3960 1465 4007; x_wconf 89' lang='lat'>10</span> <span class='ocrx_word' id='word_1_298' title='bbox 1482 3959 1529 4007; x_wconf 91' lang='lat' dir='ltr'>hu·</span> 
     </span>
     <span class='ocr_line' id='line_1_37' title="bbox 391 4037 1528 4106; baseline 0.002 -18"><span class='ocrx_word' id='word_1_299' title='bbox 391 4055 450 4088; x_wconf 90' lang='lat' dir='ltr'>mor</span> <span class='ocrx_word' id='word_1_300' title='bbox 466 4041 591 4088; x_wconf 87' lang='lat' dir='ltr'>retentus</span> <span class='ocrx_word' id='word_1_301' title='bbox 603 4049 659 4101; x_wconf 66' lang='lat'><em>129⁶:</em></span> <span class='ocrx_word' id='word_1_302' title='bbox 678 4039 789 4089; x_wconf 89' lang='lat' dir='ltr'>humore</span> <span class='ocrx_word' id='word_1_303' title='bbox 805 4038 809 4102; x_wconf 87' lang='grc' dir='ltr'>Ι</span> <span class='ocrx_word' id='word_1_304' title='bbox 825 4043 918 4088; x_wconf 89' lang='lat' dir='ltr'>tentus</span> <span class='ocrx_word' id='word_1_305' title='bbox 933 4055 953 4102; x_wconf 83' lang='lat' dir='ltr'>p</span> <span class='ocrx_word' id='word_1_306' title='bbox 971 4046 996 4087; x_wconf 85' lang='lat' dir='ltr'>et</span> <span class='ocrx_word' id='word_1_307' title='bbox 1008 4046 1067 4088; x_wconf 85' lang='lat' dir='ltr'>onte</span> <span class='ocrx_word' id='word_1_308' title='bbox 1079 4055 1147 4090; x_wconf 88' lang='lat' dir='ltr'>corr.</span> <span class='ocrx_word' id='word_1_309' title='bbox 1164 4056 1189 4104; x_wconf 77' lang='lat' dir='ltr'>p.</span> <span class='ocrx_word' id='word_1_310' title='bbox 1212 4037 1224 4105; x_wconf 73' lang='lat' dir='ltr'>l}</span> <span class='ocrx_word' id='word_1_311' title='bbox 1249 4043 1278 4088; x_wconf 94' lang='lat' dir='ltr'>ll</span> <span class='ocrx_word' id='word_1_312' title='bbox 1293 4042 1528 4106; x_wconf 84' lang='lat' dir='ltr'>contignationes:</span> 
     </span>
     <span class='ocr_line' id='line_1_38' title="bbox 391 4118 1528 4191; baseline 0.004 -18"><span class='ocrx_word' id='word_1_313' title='bbox 391 4127 429 4174; x_wconf 83' lang='lat' dir='ltr'>sic</span> <span class='ocrx_word' id='word_1_314' title='bbox 446 4140 503 4187; x_wconf 71' lang='lat' dir='ltr'>opp.</span> <span class='ocrx_word' id='word_1_315' title='bbox 527 4118 538 4186; x_wconf 86' lang='grc' dir='ltr'>ΙΙ</span> <span class='ocrx_word' id='word_1_316' title='bbox 563 4123 594 4171; x_wconf 89' lang='grc'>14</span> <span class='ocrx_word' id='word_1_317' title='bbox 612 4124 686 4172; x_wconf 87' lang='lat' dir='ltr'>rudis</span> <span class='ocrx_word' id='word_1_318' title='bbox 704 4141 726 4173; x_wconf 86' lang='grc' dir='ltr'>υ.</span> <span class='ocrx_word' id='word_1_319' title='bbox 751 4121 763 4187; x_wconf 84' lang='grc' dir='ltr'>[Ι</span> <span class='ocrx_word' id='word_1_320' title='bbox 786 4124 886 4172; x_wconf 87' lang='lat' dir='ltr'>linneis</span> <span class='ocrx_word' id='word_1_321' title='bbox 907 4140 935 4188; x_wconf 83' lang='lat' dir='ltr'>p.</span> <span class='ocrx_word' id='word_1_322' title='bbox 959 4119 971 4190; x_wconf 72' lang='lat' dir='ltr'>ll</span> <span class='ocrx_word' id='word_1_323' title='bbox 995 4124 1159 4173; x_wconf 69' lang='lat' dir='ltr'>lorostaria</span> <span class='ocrx_word' id='word_1_324' title='bbox 1181 4141 1239 4189; x_wconf 69' lang='lat' dir='ltr'>opp.</span> <span class='ocrx_word' id='word_1_325' title='bbox 1262 4121 1275 4191; x_wconf 82' lang='lat' dir='ltr'>ll</span> <span class='ocrx_word' id='word_1_326' title='bbox 1298 4127 1328 4174; x_wconf 77' lang='lat'>17</span> <span class='ocrx_word' id='word_1_327' title='bbox 1347 4126 1485 4191; x_wconf 86' lang='lat' dir='ltr'>relinquat</span> <span class='ocrx_word' id='word_1_328' title='bbox 1501 4145 1528 4177; x_wconf 84' lang='lat' dir='ltr'>c:</span> 
     </span>
     <span class='ocr_line' id='line_1_39' title="bbox 393 4204 1529 4276; baseline 0.004 -19"><span class='ocrx_word' id='word_1_329' title='bbox 393 4208 564 4270; x_wconf 87' lang='lat' dir='ltr'>relinquatur</span> <span class='ocrx_word' id='word_1_330' title='bbox 579 4223 622 4270; x_wconf 68' lang='lat' dir='ltr'>pp.</span> <span class='ocrx_word' id='word_1_331' title='bbox 646 4204 657 4273; x_wconf 70' lang='lat' dir='ltr'>ll</span> <span class='ocrx_word' id='word_1_332' title='bbox 682 4211 712 4257; x_wconf 87' lang='lat'>18</span> <span class='ocrx_word' id='word_1_333' title='bbox 732 4208 886 4271; x_wconf 84' lang='lat' dir='ltr'>aequalitas</span> <span class='ocrx_word' id='word_1_334' title='bbox 903 4224 950 4273; x_wconf 70' lang='lat' dir='ltr'>pq:</span> <span class='ocrx_word' id='word_1_335' title='bbox 970 4207 1128 4272; x_wconf 85' lang='lat' dir='ltr'>aequalisv.</span> <span class='ocrx_word' id='word_1_336' title='bbox 1144 4206 1438 4276; x_wconf 22' lang='lat' dir='ltr'>{12Ocumescnlil(l9)</span> <span class='ocrx_word' id='word_1_337' title='bbox 1458 4228 1529 4261; x_wconf 90' lang='lat' dir='ltr'>com·</span> 
     </span>
     <span class='ocr_line' id='line_1_40' title="bbox 392 4282 1528 4360; baseline 0.004 -19"><span class='ocrx_word' id='word_1_338' title='bbox 392 4282 568 4341; x_wconf 47' lang='lat' dir='ltr'>misceantur*</span> <span class='ocrx_word' id='word_1_339' title='bbox 587 4307 636 4354; x_wconf 68' lang='lat' dir='ltr'>opp</span> <span class='ocrx_word' id='word_1_340' title='bbox 664 4290 720 4354; x_wconf 89' lang='lat' dir='ltr'>(om.</span> <span class='ocrx_word' id='word_1_341' title='bbox 744 4296 771 4341; x_wconf 83' lang='lat' dir='ltr'>in</span> <span class='ocrx_word' id='word_1_342' title='bbox 794 4295 845 4356; x_wconf 80' lang='lat' dir='ltr'>fine</span> <span class='ocrx_word' id='word_1_343' title='bbox 872 4308 960 4342; x_wconf 80' lang='lat' dir='ltr'>versus</span> <span class='ocrx_word' id='word_1_344' title='bbox 988 4292 1086 4356; x_wconf 70' lang='lat' dir='ltr'>syllaba</span> <span class='ocrx_word' id='word_1_345' title='bbox 1110 4293 1204 4356; x_wconf 87' lang='lat' dir='ltr'>-nis).</span> <span class='ocrx_word' id='word_1_346' title='bbox 1231 4290 1245 4360; x_wconf 78' lang='grc' dir='ltr'>Η</span> <span class='ocrx_word' id='word_1_347' title='bbox 1271 4297 1302 4343; x_wconf 93' lang='grc'>21</span> <span class='ocrx_word' id='word_1_348' title='bbox 1326 4296 1478 4346; x_wconf 83' lang='lat' dir='ltr'>siccescere</span> <span class='ocrx_word' id='word_1_349' title='bbox 1503 4313 1528 4360; x_wconf 77' lang='lat'>9,</span> 
     </span>
     <span class='ocr_line' id='line_1_41' title="bbox 395 4371 1529 4446; baseline 0.005 -22"><span class='ocrx_word' id='word_1_350' title='bbox 395 4377 530 4426; x_wconf 88' lang='lat' dir='ltr'>-ciscere</span> <span class='ocrx_word' id='word_1_351' title='bbox 549 4392 590 4439; x_wconf 84' lang='lat' dir='ltr'>sp.</span> <span class='ocrx_word' id='word_1_352' title='bbox 615 4371 626 4440; x_wconf 76' lang='lat' dir='ltr'>[l</span> <span class='ocrx_word' id='word_1_353' title='bbox 651 4377 763 4426; x_wconf 88' lang='lat' dir='ltr'>inutiles</span> <span class='ocrx_word' id='word_1_354' title='bbox 782 4378 857 4440; x_wconf 91' lang='lat' dir='ltr'>operi</span> <span class='ocrx_word' id='word_1_355' title='bbox 876 4378 936 4439; x_wconf 74' lang='lat' dir='ltr'>(hoc</span> <span class='ocrx_word' id='word_1_356' title='bbox 953 4376 1054 4439; x_wconf 82' lang='lat' dir='ltr'>ordine)</span> <span class='ocrx_word' id='word_1_357' title='bbox 1072 4393 1129 4441; x_wconf 74' lang='lat' dir='ltr'>vpy.</span> <span class='ocrx_word' id='word_1_358' title='bbox 1153 4374 1165 4442; x_wconf 83' lang='grc' dir='ltr'>ΙΙ</span> <span class='ocrx_word' id='word_1_359' title='bbox 1191 4381 1224 4427; x_wconf 89' lang='grc'>22</span> <span class='ocrx_word' id='word_1_360' title='bbox 1243 4380 1334 4442; x_wconf 90' lang='lat' dir='ltr'>operis</span> <span class='ocrx_word' id='word_1_361' title='bbox 1356 4387 1416 4444; x_wconf 81' lang='lat' dir='ltr'>post</span> <span class='ocrx_word' id='word_1_362' title='bbox 1433 4397 1529 4446; x_wconf 83' lang='lat' dir='ltr'>perpe·</span> 
     </span>
     <span class='ocr_line' id='line_1_42' title="bbox 393 4457 1528 4532; baseline 0.006 -24"><span class='ocrx_word' id='word_1_363' title='bbox 393 4460 521 4509; x_wconf 85' lang='lat' dir='ltr'>tuitatem</span> <span class='ocrx_word' id='word_1_364' title='bbox 540 4462 600 4510; x_wconf 83' lang='lat' dir='ltr'>add.</span> <span class='ocrx_word' id='word_1_365' title='bbox 618 4476 654 4523; x_wconf 67' lang='lat' dir='ltr'>pq</span> <span class='ocrx_word' id='word_1_366' title='bbox 678 4459 736 4524; x_wconf 89' lang='lat' dir='ltr'>(om.</span> <span class='ocrx_word' id='word_1_367' title='bbox 755 4460 788 4525; x_wconf 86' lang='lat' dir='ltr'>v).</span> <span class='ocrx_word' id='word_1_368' title='bbox 815 4457 827 4526; x_wconf 80' lang='grc' dir='ltr'>Η</span> <span class='ocrx_word' id='word_1_369' title='bbox 850 4463 883 4510; x_wconf 86' lang='grc'>24</span> <span class='ocrx_word' id='word_1_370' title='bbox 903 4477 981 4513; x_wconf 85' lang='lat' dir='ltr'>axes:</span> <span class='ocrx_word' id='word_1_371' title='bbox 1000 4476 1081 4510; x_wconf 81' lang='lat' dir='ltr'>sexes</span> <span class='ocrx_word' id='word_1_372' title='bbox 1098 4479 1120 4514; x_wconf 87' lang='grc' dir='ltr'>υ.</span> <span class='ocrx_word' id='word_1_373' title='bbox 1142 4458 1154 4527; x_wconf 84' lang='grc' dir='ltr'>ΙΙ</span> <span class='ocrx_word' id='word_1_374' title='bbox 1174 4464 1207 4513; x_wconf 85' lang='grc'>25</span> <span class='ocrx_word' id='word_1_375' title='bbox 1224 4463 1297 4513; x_wconf 85' lang='lat' dir='ltr'>binis</span> <span class='ocrx_word' id='word_1_376' title='bbox 1313 4480 1362 4528; x_wconf 71' lang='lat' dir='ltr'>pq:</span> <span class='ocrx_word' id='word_1_377' title='bbox 1385 4465 1463 4514; x_wconf 93' lang='lat' dir='ltr'>bonis</span> <span class='ocrx_word' id='word_1_378' title='bbox 1481 4484 1503 4515; x_wconf 89' lang='grc' dir='ltr'>υ.</span> <span class='ocrx_word' id='word_1_379' title='bbox 1516 4464 1528 4532; x_wconf 73' lang='grc' dir='ltr'><em>Η</em></span> 
     </span>
     <span class='ocr_line' id='line_1_43' title="bbox 393 4541 1529 4615; baseline 0.008 -24"><span class='ocrx_word' id='word_1_380' title='bbox 393 4545 425 4591; x_wconf 89' lang='grc'>26</span> <span class='ocrx_word' id='word_1_381' title='bbox 444 4560 521 4593; x_wconf 85' lang='lat' dir='ltr'>cerro</span> <span class='ocrx_word' id='word_1_382' title='bbox 539 4562 584 4609; x_wconf 85' lang='lat' dir='ltr'>op:</span> <span class='ocrx_word' id='word_1_383' title='bbox 605 4549 698 4595; x_wconf 87' lang='lat' dir='ltr'>cetero</span> <span class='ocrx_word' id='word_1_384' title='bbox 715 4562 740 4610; x_wconf 75' lang='lat'>9.</span> <span class='ocrx_word' id='word_1_385' title='bbox 757 4541 768 4610; x_wconf 73' lang='lat' dir='ltr'>ll</span> <span class='ocrx_word' id='word_1_386' title='bbox 784 4547 816 4594; x_wconf 81' lang='grc'>27</span> <span class='ocrx_word' id='word_1_387' title='bbox 834 4546 914 4595; x_wconf 84' lang='lat' dir='ltr'>farno</span> <span class='ocrx_word' id='word_1_388' title='bbox 934 4547 1112 4596; x_wconf 85' lang='lat' dir='ltr'>coaxationes</span> <span class='ocrx_word' id='word_1_389' title='bbox 1130 4549 1183 4597; x_wconf 72' lang='lat' dir='ltr'>ed:</span> <span class='ocrx_word' id='word_1_390' title='bbox 1204 4548 1311 4598; x_wconf 84' lang='lat' dir='ltr'>farnico</span> <span class='ocrx_word' id='word_1_391' title='bbox 1329 4550 1475 4600; x_wconf 80' lang='lat' dir='ltr'>arationes</span> <span class='ocrx_word' id='word_1_392' title='bbox 1491 4567 1529 4615; x_wconf 70' lang='lat' dir='ltr'>vy,</span> 
     </span>
     <span class='ocr_line' id='line_1_44' title="bbox 394 4627 1530 4702; baseline 0.01 -27"><span class='ocrx_word' id='word_1_393' title='bbox 394 4627 467 4676; x_wconf 83' lang='lat' dir='ltr'>fami</span> <span class='ocrx_word' id='word_1_394' title='bbox 486 4630 665 4680; x_wconf 81' lang='lat' dir='ltr'>coaxationes</span> <span class='ocrx_word' id='word_1_395' title='bbox 680 4648 708 4695; x_wconf 87' lang='lat' dir='ltr'>p.</span> <span class='ocrx_word' id='word_1_396' title='bbox 731 4627 744 4696; x_wconf 80' lang='grc' dir='ltr'>ΙΙ</span> <span class='ocrx_word' id='word_1_397' title='bbox 766 4630 840 4680; x_wconf 85' lang='lat' dir='ltr'>haud</span> <span class='ocrx_word' id='word_1_398' title='bbox 859 4633 912 4682; x_wconf 76' lang='lat' dir='ltr'>ed:</span> <span class='ocrx_word' id='word_1_399' title='bbox 934 4637 982 4680; x_wconf 86' lang='lat' dir='ltr'>aut</span> <span class='ocrx_word' id='word_1_400' title='bbox 998 4647 1055 4696; x_wconf 71' lang='lat' dir='ltr'>app.</span> <span class='ocrx_word' id='word_1_401' title='bbox 1078 4628 1089 4697; x_wconf 82' lang='grc' dir='ltr'>ΙΙ</span> <span class='ocrx_word' id='word_1_402' title='bbox 1113 4637 1242 4695; x_wconf 88' lang='lat' dir='ltr'>poterunt</span> <span class='ocrx_word' id='word_1_403' title='bbox 1260 4631 1339 4697; x_wconf 75' lang='lat' dir='ltr'>(-ef</span> <span class='ocrx_word' id='word_1_404' title='bbox 1350 4634 1379 4700; x_wconf 83' lang='lat' dir='ltr'>p)</span> <span class='ocrx_word' id='word_1_405' title='bbox 1398 4631 1479 4702; x_wconf 60' lang='lat' dir='ltr'>appii</span> <span class='ocrx_word' id='word_1_406' title='bbox 1496 4637 1530 4696; x_wconf 79' lang='grc'>28</span> 
     </span>
     <span class='ocr_line' id='line_1_45' title="bbox 393 4710 1055 4782; baseline 0.008 -23"><span class='ocrx_word' id='word_1_407' title='bbox 393 4710 451 4760; x_wconf 84' lang='lat' dir='ltr'>filix</span> <span class='ocrx_word' id='word_1_408' title='bbox 468 4729 516 4778; x_wconf 73' lang='lat' dir='ltr'>opp</span> <span class='ocrx_word' id='word_1_409' title='bbox 535 4710 575 4777; x_wconf 53' lang='grc' dir='ltr'>(ρο</span> <span class='ocrx_word' id='word_1_410' title='bbox 588 4717 663 4777; x_wconf 66' lang='lat' dir='ltr'>prius</span> <span class='ocrx_word' id='word_1_411' title='bbox 680 4714 752 4780; x_wconf 83' lang='lat' dir='ltr'>filex,</span> <span class='ocrx_word' id='word_1_412' title='bbox 771 4717 863 4766; x_wconf 84' lang='lat' dir='ltr'>deinde</span> <span class='ocrx_word' id='word_1_413' title='bbox 881 4732 971 4766; x_wconf 82' lang='lat' dir='ltr'>rursus</span> <span class='ocrx_word' id='word_1_414' title='bbox 987 4714 1055 4782; x_wconf 84' lang='lat' dir='ltr'>filix)</span> 
     </span>
    </p>
   </div>
   <div class='ocr_carea' id='block_1_15' title="bbox 1082 4791 1092 4799">
    <p class='ocr_par' dir='ltr' id='par_1_15' title="bbox 1082 4791 1092 4799">
     <span class='ocr_line' id='line_1_46' title="bbox 1082 4791 1092 4799; baseline 0 0"><span class='ocrx_word' id='word_1_415' title='bbox 1082 4791 1092 4799; x_wconf 52' lang='lat' dir='ltr'>s</span> 
     </span>
    </p>
   </div>
   <div class='ocr_carea' id='block_1_16' title="bbox 0 0 1915 5625">
    <p class='ocr_par' dir='ltr' id='par_1_16' title="bbox 0 0 1915 5625">
     <span class='ocr_line' id='line_1_47' title="bbox 0 0 1915 5625; baseline 0 0"><span class='ocrx_word' id='word_1_416' title='bbox 0 0 1915 5625; x_wconf 95' lang='lat' dir='ltr'> </span> 
     </span>
    </p>
   </div>
  </div>
 </body>
</html>
