3784 5625
684 696 730 741 nn
754 693 1021 742 Ancnrrncruua
1044 696 1112 743 ms.
1137 698 1170 744 x.
1435 682 1496 746 251

355 858 432 913 sunt
460 848 502 912 ab
530 848 716 935 lapidicinis
738 847 780 911 ad
812 848 924 911 fanum
954 848 1044 911 milia
1072 851 1192 936 pedum
1215 860 1303 932 octo,
1331 873 1390 913 nec
1412 851 1497 915 ullus

355 960 403 1013 est
427 950 532 1013 clivus
556 949 613 1013 sed
637 959 812 1036 perpetuus
836 973 981 1037 campus

306 1067 337 1114 13
442 1052 562 1115 Nostra
589 1073 667 1115 vero
694 1053 850 1115 memoria
875 1074 952 1116 cum
979 1051 1128 1116 colossici
1156 1051 1320 1140 Apollinis
1355 1056 1389 1116 in
1422 1054 1497 1118 iano

355 1154 444 1218 basis
468 1162 553 1217 essct
576 1176 595 1215 a
617 1162 779 1216 vetustate
803 1152 963 1236 diffracta,
987 1164 1019 1218 ct
1041 1164 1221 1218 metuentes
1244 1177 1285 1217 ne
1307 1154 1438 1219 caderet
1460 1177 1498 1218 ea
1572 1203 1576 1208 -

355 1265 465 1319 statua
480 1265 511 1319 et
527 1255 748 1339 frangeretur,
772 1255 963 1319 locaverunt
986 1278 1028 1319 ex
1044 1256 1168 1319 eisdem
1190 1255 1376 1342 lapidicinis
1392 1258 1498 1321 basim
1516 1275 1531 1322 5

354 1356 580 1421 excidendam.
625 1357 783 1421 conduxit
806 1356 939 1443 quidam
961 1358 1133 1422 Paeonius.
1177 1358 1258 1421 haec
1278 1368 1387 1422 autem
1409 1359 1498 1422 basis

355 1469 425 1523 erat
446 1458 543 1543 longa
565 1458 664 1544 pedes
688 1458 876 1542 duodecim,
900 1458 966 1522 lata
988 1460 1088 1547 pedes
1111 1477 1192 1541 11111,
1222 1458 1290 1523 alta
1312 1459 1411 1546 pedes
1428 1483 1497 1524 sex.

355 1583 453 1649 quarn
467 1561 636 1624 ,Paeonius
664 1558 769 1644 gloria
796 1561 899 1625 frctus
921 1584 987 1624 non
1009 1563 1057 1624 uti
1085 1561 1275 1646 Metagenes
1298 1563 1497 1648 adportavit,

355 1662 414 1726 sed
442 1661 556 1725 eadem
577 1662 702 1726 ratione
730 1661 793 1726 alio
820 1684 939 1746 genere
963 1665 1133 1727 constituit
1161 1661 1345 1726 machinam
1378 1663 1496 1727 facere.

304 1779 336 1825 11
355 1772 443 1828 rotas
473 1764 559 1826 enim
587 1765 716 1840 circiter
747 1764 867 1850 pedum
893 1782 941 1827 xv
970 1765 1048 1829 fecit
1076 1774 1108 1829 et
1139 1766 1174 1828 in
1203 1764 1253 1828 his
1281 1764 1362 1828 rotis
1390 1766 1499 1852 capita
1518 1783 1549 1830 10

355 1864 474 1953 lapidis
504 1863 651 1947 inclusit,
681 1864 799 1928 deinde
829 1867 915 1929 circa
942 1864 1085 1952 lapidem
1112 1868 1201 1932 fusos
1223 1865 1428 1948 sextantales
1456 1867 1498 1931 ab

354 1977 427 2031 rota
455 1966 497 2030 ad
525 1976 629 2031 rotam
660 1966 703 2029 ad
731 1967 888 2030 circinum
918 1969 1081 2054 compegit
1108 1971 1155 2032 ita
1182 1969 1232 2033 uti
1260 1967 1350 2032 fusus
1378 1990 1398 2031 a
1426 1969 1498 2031 l'uso

354 2092 420 2132 non
447 2069 583 2133 distaret
609 2067 727 2155 pedem
755 2069 818 2132 nisi
845 2092 956 2133 unum.
1006 2069 1124 2133 deinde
1156 2070 1243 2133 circa
1270 2067 1360 2133 fusos
1388 2070 1499 2133 funem

356 2169 499 2234 involvit
522 2180 553 2234 et
575 2169 682 2234 bubus
706 2171 825 2234 iunctis
854 2170 965 2235 funem
988 2170 1139 2235 ducebat.
1190 2174 1237 2235 ita
1259 2193 1333 2234 cum
1356 2171 1498 2257 explica-

355 2281 447 2336 retur
475 2271 629 2336 volvebat
656 2282 760 2354 rotas,
790 2271 848 2335 sed
877 2296 943 2338 non
965 2282 1091 2358 poterat
1114 2273 1156 2336 ad
1186 2272 1382 2336 lineamvia
1409 2282 1499 2336 recta
1519 2292 1550 2339 15

294 2445 300 2451 ,
356 2374 476 2437 ducere
498 2374 556 2437 sed
580 2374 692 2438 exibat
714 2375 748 2436 in
771 2396 869 2437 unam
891 2382 1027 2460 partem.
1072 2375 1119 2438 ita
1141 2395 1271 2437 necesse
1294 2381 1364 2436 erat
1378 2396 1498 2438 <rursus

355 2476 573 2540 retroducere.
627 2478 674 2539 sic
696 2461 858 2539 Paeonius
886 2474 1035 2539 ducendo
1059 2485 1091 2539 ct
1118 2474 1304 2539 reducendo
1327 2476 1498 2562 pecuniam

357 2579 528 2660 contrivit,
552 2587 588 2641 ut
610 2578 653 2641 ad
676 2563 868 2642 solvendum
890 2600 955 2641 non
978 2586 1072 2641 esset.

302 2695 337 2743 15
441 2678 600 2743 Pusillum
623 2688 716 2742 extra
738 2680 929 2766 progrediar
951 2688 983 2742 ct
1005 2678 1046 2742 de
1068 2678 1119 2742 his
1142 2678 1328 2766 lapidicinis
1345 2678 1497 2765 quemad·
1518 2695 1571 2743 vll

356 2781 486 2845 modum
517 2781 584 2846 sint
611 2782 763 2846 inventae
791 2803 963 2868 exponam⁴
1020 2780 1203 2846 Pixodarus
1239 2780 1345 2867 t'uerat
1377 2790 1498 2868 pastor.
1517 2799 1550 2847 ro

356 2885 384 2946 is
412 2885 447 2947 in
474 2884 525 2947 his
560 2883 639 2947 locis
669 2883 873 2948 versabatur.
923 2905 997 2946 curn
1025 2893 1134 2949 autem
1162 2885 1252 2947 cives
1280 2883 1499 2970 Ephesiorum

355 2987 537 3070 cogitarent
559 2985 670 3048 fanum
692 2987 820 3050 Dianae
843 3007 885 3049 ex
905 3007 1067 3048 marmore
1094 2985 1202 3048 facere
1223 2986 1499 3072 decernerentque

356 3109 377 3149 a
399 3087 481 3150 Paro
504 3087 709 3151 Proconneso
738 3085 897 3150 Heraclea
919 3086 1028 3150 Thaso
1050 3088 1100 3150 uti
1122 3108 1264 3150 marmor
1285 3096 1497 3173 repeteretur,

357 3181 519 3275 propulsis
554 3189 672 3254 ovibus
707 3188 889 3253 Pixodarus
924 3189 960 3252 in
997 3188 1111 3254 eodem
1144 3187 1214 3252 loco
1248 3210 1347 3274 pecus
1387 3209 1497 3274 pasce·

357 3291 430 3373 bat,
464 3290 577 3376 ibique
605 3291 669 3356 duo
699 3291 817 3355 arietes
852 3292 937 3355 inter
964 3312 999 3353 se
1030 3298 1257 3355 concurrentes
1285 3288 1369 3354 alius
1398 3288 1499 3354 alium
1516 3308 1549 3356 25

426 3534 438 3578 l
459 3531 660 3594 ablapidicines
681 3532 731 3581 GH
749 3530 836 3595 (-nis
856 3532 929 3596 (101,
954 3531 1132 3597 alapidicinis
1149 3534 1158 3580 l
1174 3538 1200 3581 et
1216 3538 1276 3582 crite
1292 3549 1360 3583 corr.
1378 3534 1406 3590 Ιι,
1425 3531 1498 3581 -di-

357 3615 455 3663 cicinis
474 3614 537 3675 ch0).
552 3611 564 3678 Η
582 3612 784 3678 fanumlmilia:
802 3622 840 3665 ric
854 3617 904 3666 GH
922 3616 1047 3682 (uterque,
1066 3617 1162 3674 fanum
1181 3616 1258 3666 milia
1272 3618 1327 3667 Llc.
1350 3632 1433 3680 quam
1450 3618 1499 3669 ins,

358 3697 421 3757 ert).
444 3695 455 3761 Η
479 3698 576 3760 pedum
596 3699 677 3748 Hode:
697 3702 801 3763 passuri
821 3701 879 3752 GH.
903 3697 915 3765 Η
939 3705 1014 3750 octo:
1042 3701 1166 3750 vulsi.
1190 3696 1204 3766 Η
1227 3704 1242 3750 2
1262 3706 1305 3750 est
1328 3719 1374 3752 ont.
1395 3702 1424 3754 G.
1448 3698 1460 3766 Η
1483 3706 1499 3751 3

359 3779 496 3845 apollonis
516 3780 545 3830 G.
568 3778 580 3847 Η
603 3782 777 3832 tdiffracta:
799 3784 837 3832 sic
860 3785 911 3833 GH
929 3785 1000 3847 (Llc,
1025 3784 1159 3834 distracta
1183 3785 1238 3847 Ge),
1261 3780 1273 3850 Η
1296 3799 1344 3833 ne:
1363 3800 1415 3834 nec
1433 3789 1463 3834 lc.
1484 3782 1497 3848 Η

359 3861 467 3914 ceder&
485 3863 520 3912 L:
541 3865 645 3916 ceder&
663 3864 737 3928 (-et
756 3867 787 3929 G)
812 3868 865 3917 GH
882 3867 934 3931 (lc).
959 3865 970 3934 Η
994 3870 1122 3917 bstatua
1142 3868 1163 3917 G
1181 3866 1240 3931 (ich
1265 3872 1328 3916 stus
1351 3876 1411 3917 ante
1429 3884 1499 3917 corr.

359 3985 399 4040 H,
423 3947 486 4031 stila
510 3983 550 4030 H⁶
572 3979 677 4045 (mutato
695 3999 713 4032 u
730 3987 756 4033 ia
779 3960 811 4049 a,
834 3989 942 4035 statuta
962 3983 1003 4046 L).
1031 3981 1043 4048 Η
1066 3987 1081 4034 6
1101 3985 1135 4047 (et
1154 3982 1180 4047 8)
1205 3985 1338 4048 paeonius
1363 3985 1412 4033 GH
1431 3983 1497 4048 (Llc,

358 4068 491 4133 paeonius
518 4065 582 4130 0011).
605 4063 617 4132 Η
637 4070 651 4117 7
676 4067 818 4119 duodecim
841 4071 882 4118 H:
910 4069 1021 4120 x11.(1'.
1044 4065 1056 4134 Η
1079 4069 1145 4118 VIII
1165 4068 1223 4117 GH.
1245 4063 1258 4133 Η
1282 4084 1331 4117 sex
1350 4067 1407 4117 GH.
1428 4064 1441 4133 Η
1468 4070 1499 4118 10

358 4154 421 4203 XV:
440 4154 478 4202 sic
498 4152 557 4203 GH.
580 4145 593 4215 Η
617 4153 647 4200 11
666 4153 837 4203 sextantales
854 4155 922 4204 doc:
941 4157 1085 4202 sextantes
1105 4153 1157 4202 GH
1174 4151 1217 4216 (L,
1236 4168 1284 4202 sex
1302 4156 1410 4202 stantes
1428 4152 1470 4214 le).
1485 4150 1497 4216 Η

359 4236 457 4286 adrota
484 4237 579 4285 adrota
602 4239 633 4287 Ic.
662 4233 674 4302 Η
703 4240 733 4288 13
760 4236 857 4302 pedem
884 4236 939 4285 nisi
966 4235 1042 4290 Solen.
1072 4233 1126 4302 [s]:
1154 4235 1223 4300 pede
1250 4251 1310 4288 esse
1340 4237 1397 4288 GH.
1428 4233 1439 4302 Η
1468 4239 1499 4286 14

361 4325 389 4370 et
406 4324 459 4370 ert:
479 4326 510 4371 ut
530 4322 587 4372 GH.
610 4316 622 4386 Η
645 4322 733 4370 bubus
753 4322 805 4371 GH
821 4320 864 4385 (L,
884 4320 971 4369 bobus
988 4319 1032 4382 lc).
1050 4318 1062 4386 Η
1078 4320 1197 4369 ducebat
1215 4322 1269 4370 ert:
1289 4321 1391 4370 ——bant
1411 4321 1469 4371 GH.
1484 4319 1497 4384 Η

361 4408 392 4454 16
414 4406 443 4454 in
465 4410 519 4456 una
541 4407 695 4471 partiario
715 4406 774 4459 GH.
798 4401 810 4470 Η
839 4407 870 4455 17
893 4405 1026 4469 paeonius
1051 4405 1102 4454 GH
1124 4402 1267 4468 (poeonius
1290 4407 1324 4463 L,
1348 4406 1465 4469 peonius
1482 4411 1498 4463 1,
1541 4414 1543 4416 ’

360 4491 474 4555 peonius
492 4508 515 4554 c,
534 4492 667 4554 paeonius
687 4489 741 4553 6⁶).
765 4486 776 4555 Η
800 4488 1051 4540 recontristet:
1071 4489 1238 4539 contricavit
1257 4491 1315 4542 GH.
1343 4486 1355 4555 Η
1382 4493 1415 4540 23
1438 4507 1499 4555 pro·

360 4589 473 4626 conesso
493 4577 551 4626 GH.
575 4572 588 4642 Η
611 4577 690 4626 thaso
709 4577 764 4630 ert:
786 4574 872 4624 thasii
895 4574 955 4625 GH.
984 4569 996 4640 Η
1022 4589 1138 4623 marmor
1159 4578 1300 4638 peteretur
1318 4575 1387 4624 Mar.
1410 4575 1498 4640 (repe-

286 4712 289 4717 ,
359 4663 465 4708 teretur
482 4660 554 4725 epo):
577 4677 710 4713 marmore
729 4664 840 4725 petatur
859 4660 912 4710 GH
927 4655 1030 4724 (petet²
1051 4658 1084 4718 G,
1103 4655 1190 4724 pean
1204 4659 1244 4719 H,
1262 4663 1328 4711 unde
1339 4666 1448 4726 potatus
1469 4662 1498 4723 L,

358 4747 407 4794 sed
423 4742 528 4808 pdtatur
543 4744 588 4811 lc).
