3784 5625
376 667 418 730 22
531 682 533 688 ’
867 672 1025 721 v1rauv11

376 846 483 901 autem
516 833 655 898 turrium
687 832 733 894 ita
761 836 837 893 sunt
868 825 1019 889 facienda
1045 834 1081 887 ut
1108 845 1149 887 nc
1177 822 1305 905 longius
1328 822 1371 886 sit
1393 820 1458 884 alia
1479 819 1523 884 ab

377 935 442 1000 alia
468 936 607 1019 sagittae
634 932 804 1012 missione,
832 928 881 992 uti
909 928 937 991 si
962 948 1024 1013 qua
1046 934 1268 1013 oppugnetur,
1291 933 1361 987 tum
1382 945 1403 986 a
1424 923 1521 986 turri-

377 1038 438 1101 bus
467 1057 550 1122 quae
577 1042 673 1099 erunt
700 1032 818 1096 dextra
846 1052 884 1093 ac
912 1030 1045 1093 sinistra
1074 1026 1299 1114 scorpionibus
1322 1023 1523 1111 reliquisque

376 1137 514 1203 telorum
535 1134 747 1201 missionibus
770 1134 880 1199 hostes
902 1132 1089 1196 reiciantur.
1143 1128 1306 1213 etiamque
1332 1136 1444 1191 contra
1473 1129 1521 1191 in-

343 1260 359 1306 5
377 1242 494 1304 teriora
510 1239 649 1303 turrium
672 1235 871 1320 dividendus
896 1244 945 1298 est
966 1255 1078 1296 murus
1100 1227 1282 1296 intervallis
1306 1237 1374 1293 tam
1394 1230 1522 1314 magnis

378 1363 474 1428 quam
497 1348 592 1403 erunt
614 1349 739 1421 turres,
763 1331 800 1402 ut
822 1337 940 1402 itinera
963 1336 1028 1400 sint
1050 1331 1260 1397 interioribus
1282 1330 1431 1419 partibus
1454 1340 1522 1394 tur-

378 1444 462 1507 rium
491 1442 694 1525 contignata,
717 1462 823 1527 neque
847 1460 884 1501 ea
905 1437 992 1500 ferro
1015 1435 1093 1499 fixa.
1137 1434 1241 1498 hostis
1265 1433 1403 1497 enimsi
1426 1454 1524 1519 quam

378 1552 504 1630 partem
530 1544 616 1606 muri
645 1543 870 1628 occupaverit,
900 1540 958 1625 qui
980 1536 1210 1624 repugnabunt
1233 1534 1419 1600 rescindent
1441 1543 1473 1597 ct
1496 1535 1525 1597 si

380 1642 529 1708 celeriter
543 1636 859 1725 administraverint,
882 1664 949 1707 non
969 1640 1135 1728 patientur
1157 1637 1300 1723 reliquas
1322 1647 1433 1724 partes
1454 1646 1523 1700 tur-

329 1764 361 1813 10
378 1747 464 1808 rium
478 1746 628 1831 murique
643 1744 769 1810 hostem
784 1754 971 1832 penetrare,
994 1743 1109 1806 nisiae
1132 1739 1273 1806 voluerit
1295 1739 1523 1826 praecipitare.

379 1856 484 1911 turres
506 1848 617 1933 itaque
638 1846 797 1911 rotundae
818 1855 874 1910 aut
896 1844 1093 1933 polygoniae
1122 1851 1199 1907 sunt
1221 1841 1399 1905 faciendae.
1445 1862 1523 1926 qua-
1542 1854 1558 1902 5

380 1949 490 2012 dratas
514 1950 599 2012 enim
620 1948 789 2016 machinae
812 1947 948 2012 celerius
972 1945 1149 2032 dissipant,
1174 1942 1262 2030 quod
1282 1942 1419 2029 angulos
1441 1944 1523 2006 aric-

380 2059 429 2113 tes
452 2048 618 2115 tundendo
641 2050 813 2135 frangunt,
837 2052 872 2113 in
893 2045 1180 2113 rotundationibus
1203 2055 1312 2110 autem
1334 2047 1383 2110 uti
1405 2066 1524 2109 cuneos

380 2149 422 2213 ad
445 2160 590 2215 centrum
612 2152 777 2239 adigendo
798 2151 928 2215 laedere
950 2173 1015 2215 non
1036 2157 1182 2235 possunt.
1226 2149 1306 2211 item
1327 2147 1525 2211 munitiones

331 2271 362 2319 15
380 2254 465 2316 muri
479 2254 683 2340 turriumque
703 2255 878 2339 aggeribus
902 2254 1094 2317 coniunctae
1114 2251 1257 2313 maxime
1280 2259 1355 2314 sunt
1377 2250 1524 2331 tutiores,

381 2354 467 2440 quod
489 2376 594 2440 neque
615 2357 733 2422 arietes
756 2378 861 2444 neque
884 2355 1094 2424 suffossiones
1116 2374 1222 2438 neque
1249 2350 1418 2414 machinae
1440 2359 1525 2414 cete-

380 2477 435 2519 rae
451 2457 497 2521 eis
520 2454 630 2521 valent
651 2479 778 2522 nocere.
823 2458 882 2522 scd
904 2478 969 2521 non
990 2458 1026 2520 in
1047 2455 1198 2520 omnibus
1221 2452 1302 2518 locis
1325 2462 1376 2516 est
1395 2452 1526 2537 aggeris
1544 2469 1560 2515 c

380 2559 464 2621 ratio
492 2557 644 2622 facienda
671 2560 737 2622 nisi
764 2560 884 2645 quibus
913 2566 1007 2621 extra
1033 2578 1161 2621 murum
1185 2577 1227 2619 ex
1248 2554 1313 2619 alto
1336 2553 1405 2618 loco
1427 2552 1525 2641 plano

381 2659 465 2744 pede
479 2680 630 2722 accessus
647 2658 747 2723 fucrit
762 2660 805 2723 ad
826 2661 955 2723 moenia
977 2656 1206 2744 oppugnanda.
1251 2658 1361 2743 itaque
1383 2656 1418 2719 in
1439 2656 1525 2720 eius-

331 2779 364 2827 20
382 2759 471 2823 modi
487 2759 565 2824 locis
581 2761 721 2847 primurn
737 2760 844 2826 fossae
860 2770 935 2825 sunt
957 2759 1127 2824 faciendae
1149 2757 1375 2825 latitudinibus
1399 2765 1431 2822 et
1451 2755 1525 2821 alti-

348 2853 351 2858 ’
382 2859 553 2924 tudinibus
583 2883 679 2948 quam
705 2861 928 2949 amplissimis,
952 2859 1071 2924 deinde
1093 2860 1340 2925 fundamentum
1362 2861 1448 2923 muri
1471 2858 1525 2923 dc-

308 3044 311 3051 *
382 2963 588 3048 primendum
605 2972 654 3027 est
675 2965 762 3028 intra
782 2962 911 3027 alveum
934 2962 1042 3026 fossae
1065 2972 1096 3026 et
1118 2963 1154 3025 id
1176 2962 1393 3039 extruendum
1415 2972 1465 3027 est
1488 2984 1527 3026 ea

383 3062 600 3128 crassitudine
627 3074 664 3130 ut
691 3089 772 3153 opus
800 3075 965 3130 terrenum
994 3063 1090 3128 facile
1117 3065 1327 3128 sustineatur.
1376 3066 1454 3129 item
1476 3065 1560 3128 in-7
1629 3120 1631 3123 ,

382 3167 500 3230 teriore
533 3177 627 3252 parte
656 3167 908 3232 substructionis
936 3165 1184 3230 fundamentum
1212 3166 1337 3230 distans
1364 3165 1406 3229 ab
1435 3175 1525 3230 exte-

332 3285 365 3334 25
382 3269 468 3332 riore
489 3268 649 3334 introrsus
671 3268 778 3355 amplo
807 3270 913 3355 spatio
940 3271 988 3332 ita
1009 3269 1059 3332 uti
1082 3268 1229 3332 cohortes
1257 3268 1385 3355 possint
1414 3289 1525 3353 quem-

351 3380 353 3384 '
382 3370 558 3432 admodum
586 3372 621 3433 in
647 3365 718 3434 acie
750 3373 929 3436 instructae
957 3368 1000 3433 ad
1027 3367 1270 3432 defendendum
1294 3390 1392 3455 supra
1414 3369 1525 3432 latitu-

384 3470 495 3533 dinem
509 3473 639 3554 aggeris
655 3473 842 3536 consistere.
888 3494 962 3535 cum
977 3481 1086 3536 autem
1101 3471 1313 3534 fundamenta
1334 3473 1381 3534 ita
1403 3471 1526 3534 distan-

377 3569 429 3634 tia
451 3572 536 3635 inter
559 3594 593 3635 se
616 3572 738 3638 fuerint
760 3576 952 3655 constituta,
975 3582 1053 3637 tunc
1074 3575 1161 3637 inter
1183 3595 1220 3636 ea
1242 3572 1306 3637 alia
1328 3583 1526 3656 transversa,

384 3674 554 3737 coniuncta
583 3676 736 3743 exteriori
764 3685 795 3739 et
821 3677 970 3741 interiori
991 3676 1220 3758 fundamento,
1248 3676 1438 3762 pectinatim
1460 3674 1527 3739 dis·

333 3794 366 3841 30
383 3775 501 3860 posita,
525 3776 797 3861 quemadmodum
820 3798 927 3841 serrae
950 3776 1064 3841 dentes
1088 3775 1192 3841 solent
1215 3799 1286 3841 esse
1309 3777 1527 3841 conlocentur.

353 3947 360 3955 ,
385 3897 458 3938 cum
474 3876 560 3939 enim
577 3878 624 3941 sic
647 3880 709 3942 erit
730 3877 870 3960 facturn,
893 3888 973 3943 tuno
994 3879 1042 3943 ita
1063 3879 1170 3943 oneris
1193 3880 1315 3942 terreni
1337 3876 1536 3963 magnitudo.

452 4136 467 4183 2
486 4135 608 4200 sagittae
627 4137 758 4188 missione
777 4137 854 4187 Seleu.
874 4133 977 4200 (cums,
997 4137 1142 4187 emissione
1161 4136 1230 4203 ed.):
1249 4138 1355 4202 sagitta
1373 4137 1528 4188 emissionis

387 4219 407 4266 G
426 4218 487 4281 (ct),
505 4220 788 4284 sagittalemissionis
807 4223 835 4271 H
858 4218 992 4286 (sagittae
1013 4222 1153 4272 missionis
1171 4223 1204 4284 L,
1228 4223 1494 4287 sagittaemissiones
1512 4225 1527 4280 t,

386 4302 462 4350 —nis
480 4303 521 4366 lv).
545 4299 557 4369 Η
580 4308 596 4355 3
615 4322 648 4355 ac
667 4308 727 4359 add.
745 4309 802 4357 doc.
828 4305 937 4368 (dextra
957 4307 1069 4358 sinistra
1089 4308 1151 4367 GH,
1173 4315 1201 4357 ut
1222 4306 1346 4371 saepius).
1369 4304 1381 4372 Η
1395 4293 1424 4357 '4
1441 4307 1528 4357 hostis

385 4393 445 4435 onte
458 4402 526 4436 corr.
540 4389 575 4440 H.
588 4384 599 4454 Η
612 4390 744 4441 interiora
757 4392 841 4441 Man:
855 4391 1001 4443 inferiores
1016 4392 1066 4442 GH
1086 4389 1097 4459 Η
1119 4395 1150 4443 10
1162 4391 1300 4443 voluerint
1312 4398 1372 4442 onte
1384 4408 1453 4442 corr.
1466 4392 1499 4440 L.
1514 4387 1527 4454 Η

387 4473 416 4518 11
428 4471 605 4536 polygoniae=
625 4466 713 4524 '-nea
725 4476 781 4525 GH.
795 4472 808 4538 Η
818 4475 963 4539 quadratis
972 4479 1003 4531 le.
1026 4473 1037 4543 Η
1062 4480 1093 4527 13
1107 4492 1208 4527 cuneos
1220 4479 1252 4527 G:
1274 4492 1375 4526 cuneus
1387 4478 1416 4526 H
1427 4474 1498 4540 (Llc)
1513 4474 1526 4539 Η

387 4557 419 4602 14
437 4555 574 4621 adigendo
593 4558 641 4606 [1⁶-
653 4553 664 4623 Η
676 4558 781 4610 lederte
802 4562 831 4610 G.
852 4557 863 4627 Η
887 4563 919 4610 16
931 4561 1109 4612 suffossiones
1122 4563 1158 4621 ΙΙ,
1176 4562 1332 4612 —fosiones
1351 4563 1373 4612 G
1391 4561 1434 4625 (L,
1452 4560 1527 4612 —t‘o·

387 4639 482 4689 niones
496 4649 555 4691 ante
567 4657 636 4692 corr.
650 4640 681 4706 l).
697 4641 709 4709 Η
726 4647 757 4694 19
769 4647 876 4696 moenia
889 4644 916 4708 (I,
929 4648 1019 4713 monia
1032 4647 1087 4710 ahl:
1101 4647 1195 4696 munia
1209 4647 1259 4697 GH
1271 4647 1327 4712 (L).
1345 4643 1357 4712 Η
1372 4649 1406 4696 22
1418 4649 1527 4696 estante

388 4739 422 4773 ea
434 4738 481 4773 om.
494 4721 553 4791 6..Η
569 4728 601 4776 30
621 4726 743 4777 solentes
762 4743 790 4778 se
810 4730 834 4783 G,
845 4725 945 4792 (solent
964 4747 1025 4782 esse
1046 4732 1137 4797 Paua
1156 4732 1294 4784 soluentes
1313 4748 1342 4783 se
1357 4733 1385 4782 H
1398 4731 1444 4796 (Ge
1458 4730 1526 4796 Llc).
