3784 5625
388 642 448 727 154
874 660 1031 706 vrrnuvn

468 809 748 891 Quemadmodum
782 810 852 874 sine
885 811 977 875 vitiis
1012 833 1109 899 opera
1135 809 1292 874 constitui
1318 817 1468 894 oporteat
1496 818 1557 873 eta

383 914 432 977 uti
459 921 613 977 caveatur
640 911 873 999 incipientibus
904 915 1053 1000 exposui.
1103 932 1243 996 namque
1265 910 1306 973 de
1328 909 1450 995 tegulis
1472 920 1527 975 aut

383 1014 484 1099 tignis
499 1023 555 1079 aut
576 1014 742 1078 asseribus
765 1013 929 1079 mutandis
953 1030 1019 1080 non
1049 1023 1099 1079 est
1126 1012 1241 1077 eadem
1268 1033 1345 1076 cura
1373 1012 1525 1097 quemad-

381 1114 513 1179 modum
541 1116 582 1179 de
604 1115 671 1198 his,
702 1114 788 1203 quod
812 1137 849 1178 ea
871 1118 1021 1209 quamvis
1044 1119 1110 1181 sint
1132 1116 1267 1198 vitiosa,
1294 1112 1438 1179 faciliter
1458 1137 1525 1177 mu-

348 1226 502 1282 otantur.
546 1218 593 1282 ita
620 1238 702 1303 quae
729 1238 790 1280 nec
818 1215 922 1282 solida
950 1217 1081 1304 quidem
1103 1226 1258 1305 putantur
1279 1236 1352 1279 esse
1363 1265 1373 1297 ,
1409 1216 1525 1301 quibus

380 1318 562 1385 rationibus
583 1319 664 1383 haec
685 1327 837 1406 poterunt
865 1341 937 1383 esse
958 1318 1052 1383 firma
1074 1329 1106 1383 et
1133 1317 1406 1405 quemadmodum
1433 1318 1524 1381 insti·

381 1430 514 1485 tuantur
529 1422 676 1508 exposui.
721 1421 839 1507 quibus
861 1430 971 1486 autem
993 1423 1159 1507 copiarum
1181 1418 1356 1505 generibus
1379 1428 1553 1506 oporteata

381 1524 446 1605 uti,
477 1544 542 1586 non
571 1532 621 1587 est
642 1522 813 1587 architecti
835 1531 994 1608 potestas,
1024 1522 1098 1587 ideo
1120 1521 1208 1608 quod
1229 1542 1295 1584 non
1316 1522 1352 1584 in
1374 1521 1524 1586 omnibus

382 1623 462 1687 locis
490 1624 600 1687 omnia
626 1646 746 1708 genera
772 1625 938 1709 copiarum
966 1634 1164 1707 nascuntur,
1186 1633 1223 1688 ut
1249 1623 1413 1708 inprime
1436 1622 1523 1687 volu-

333 1741 363 1789 10
381 1726 469 1788 mine
484 1734 533 1790 est
547 1726 740 1813 expositum.
784 1718 953 1812 praeterea*
967 1727 1002 1790 in
1017 1726 1142 1790 domini
1163 1734 1213 1790 est
1233 1733 1397 1811 potestate
1418 1734 1524 1789 utrum

381 1825 528 1891 latericio
560 1848 603 1892 an
630 1827 839 1892 caementicio
865 1849 908 1890 an
935 1849 1015 1891 saxo
1043 1826 1201 1914 quadrato
1227 1825 1309 1891 velit
1341 1825 1523 1890 aedificare.

383 1930 493 2014 itaque
516 1930 659 1995 omnium
689 1950 822 2015 operum
850 1929 1058 2016 probationes
1082 1930 1244 2015 tripertito
1267 1928 1523 2009 considerantur,

382 2029 416 2092 id
457 2038 506 2093 est
539 2030 651 2095 fabrili
682 2030 862 2095 subtilitate
896 2040 928 2096 et
960 2031 1203 2116 magnificentia
1236 2039 1268 2095 et
1298 2030 1523 2117 dispositione.

383 2153 457 2195 cum
485 2132 730 2217 magnificenter
752 2154 832 2219 opus
854 2131 1036 2219 perfectum
1057 2134 1252 2218 aspicietur,
1280 2153 1300 2195 a
1324 2130 1449 2196 domini
1470 2154 1522 2217 po·

332 2248 363 2297 15
381 2243 499 2299 testate
531 2236 686 2322 inpensae
721 2233 957 2315 laudabuntur,
991 2256 1065 2298 cum
1097 2232 1277 2316 subtiliter,
1312 2233 1522 2298 officinatoris

381 2335 574 2424 probabitur
590 2338 729 2419 exactio,
752 2357 826 2400 cum
841 2358 920 2400 vero
942 2333 1365 2423 venusteproportionibus
1389 2344 1422 2399 et
1437 2356 1521 2421 sym-

381 2439 506 2503 metriis
530 2438 681 2503 habuerit
702 2439 946 2520 auctoritatem,
981 2447 1059 2504 tunc
1081 2438 1181 2501 fuerit
1207 2436 1312 2522 gloria
1339 2436 1520 2500 architecti.

380 2539 461 2604 haec
475 2550 584 2605 autern
598 2550 686 2606 recte
702 2541 953 2621 constituuntur,
977 2540 1093 2603 cumis
1110 2549 1141 2605 et
1156 2562 1176 2603 a
1196 2538 1300 2603 fabris
1323 2546 1356 2601 et
1378 2536 1422 2601 ab
1444 2536 1564 2600 idio-10

380 2643 424 2705 tis
458 2644 601 2729 patiatur
631 2643 779 2729 accipere
807 2664 841 2707 se
869 2640 1015 2705 consilia.
1060 2662 1198 2727 namque
1226 2660 1338 2704 omnes
1366 2638 1521 2719 homines,
1564 2661 1576 2701 ε

330 2759 363 2807 ao
380 2765 447 2805 non
469 2742 573 2807 solum
595 2744 781 2828 architecti,
806 2742 892 2830 quod
915 2752 965 2807 est
987 2743 1108 2808 bonurn
1129 2750 1266 2830 possunt
1287 2740 1443 2828 probare,
1467 2739 1542 2805 sed·

381 2846 467 2907 inter
481 2844 601 2910 idiotas
618 2855 650 2908 et
666 2867 720 2909 eos
735 2845 796 2910 hoc
812 2855 861 2910 est
883 2845 1060 2911 discrimen
1082 2845 1169 2931 quod
1189 2845 1294 2909 idiota
1314 2843 1380 2906 nisi
1402 2843 1522 2908 factum

381 2945 519 3029 viderit,
542 2968 608 3011 non
622 2955 730 3033 potest
745 2948 828 3009 scire
851 2946 930 3032 quid
953 2949 997 3013 sit
1018 2948 1174 3028 futurum,
1197 2945 1394 3010 architectus
1416 2953 1523 3010 autem

381 3046 477 3111 simul
499 3048 606 3113 animo
629 3049 844 3130 constituerit,
866 3057 1041 3134 antequam
1062 3048 1221 3134 inceperit
1243 3056 1276 3111 et
1297 3055 1472 3113 venustate
1493 3055 1543 3113 cti

380 3173 443 3215 usu
465 3159 497 3214 et
520 3149 637 3216 decore
660 3150 760 3237 quale,
778 3152 821 3215 sit
842 3151 989 3216 futurum
1011 3150 1110 3215 habet
1133 3149 1314 3214 definitum.

330 3267 362 3316 25
466 3252 557 3334 Quas
584 3274 636 3319 res
664 3254 803 3340 privatis
824 3252 985 3317 aedificiis
1007 3251 1104 3319 utiles
1125 3251 1240 3339 putavi
1262 3259 1294 3317 et
1316 3249 1522 3337 quemadmo-

381 3354 459 3418 dum
486 3355 552 3419 sint
581 3354 754 3453 faciundae
781 3377 877 3441 quam
908 3355 1113 3440 apertissime
1139 3355 1231 3440 potui
1251 3353 1439 3439 perscripsi.
1482 3351 1523 3416 dc

450 3612 462 3659 1
484 3626 563 3675 quem
592 3610 736 3660 admodum
762 3611 821 3661 sine
844 3612 920 3661 vitiis
943 3615 1072 3675 oporteat
1092 3618 1151 3660 onte
1178 3626 1247 3660 corr.
1277 3609 1299 3658 G
1320 3607 1411 3673 (verba
1432 3612 1524 3661 οηιίεεα

381 3710 464 3759 opera
482 3695 615 3744 constitui
632 3702 691 3744 onte
709 3699 834 3760 oporteat
851 3697 989 3746 inserendo
1006 3711 1086 3759 supra
1105 3697 1190 3744 σάεσν.
1206 3693 1389 3758 Εθτ-Ηῖιίσ),
1410 3690 1424 3760 l]
1445 3695 1525 3744 taut

380 3779 462 3843 tingr
477 3781 481 3842 Ι
496 3787 555 3829 ante
572 3794 640 3830 corr.
660 3780 690 3830 G.
713 3775 725 3846 Η
748 3780 931 3830 3mutandis:
955 3783 993 3830 εἰσ
1012 3781 1070 3833 ΕΗ.
1094 3776 1106 3846 ΙΙ
1130 3783 1173 3828 est
1197 3778 1307 3828 eadem:
1328 3779 1365 3828 εἰσ
1390 3778 1450 3828 ΕΗ.
1473 3775 1485 3844 ΙΙ
1508 3781 1527 3828 4·

380 3865 437 3913 sint
455 3867 508 3916 ed:
527 3869 591 3914 sunt
609 3863 666 3916 ΕΗ.
690 3861 702 3932 ll
725 3865 799 3914 sita
818 3879 889 3928 quae
909 3866 990 3914 Phil:
1013 3866 1108 3928 itaque
1128 3863 1187 3916 GH.
1209 3859 1223 3928 ss
1245 3860 1335 3912 solida
1351 3863 1423 3917 doc:
1443 3862 1525 3912 solidi

382 3949 440 3999 GH.
464 3945 476 4016 ΙΙ
499 3950 514 3998 6
532 3953 662 4015 poterunt
679 3950 733 4000 ed.:
751 3949 873 4015 poterint
893 3950 951 4000 GH.
969 3947 981 4015 ΙΙ
997 3949 1096 4000 aiacis
1109 3955 1169 3998 ante
1185 3963 1253 3998 corr.
1274 3946 1304 3999 G.
1320 3943 1332 4012 {l
1348 3951 1379 3995 ut
1396 3947 1426 3996 H
1438 3945 1525 4012 (Llc):

380 4035 420 4083 uti
440 4034 469 4084 G.
492 4031 504 4101 {l
527 4034 613 4100 primo
632 4034 716 4086 Mon:
741 4035 863 4099 proximo
884 4034 942 4084 GH.
966 4031 978 4100 Ι]
1007 4035 1038 4083 12
1056 4031 1285 4099 triperlpG)tito:
1308 4033 1346 4081 εἰσ
1365 4031 1425 4083 ΕΗ.
1454 4027 1466 4097 ΙΙ
1491 4033 1525 4081 13

381 4122 409 4167 et
427 4118 647 4183 magnificentia:
665 4119 703 4168 εἰσ
716 4119 775 4168 ΕΗ.
793 4114 854 4185 [114
871 4118 1081 4182 magnificentur
1098 4119 1127 4167 H
1145 4115 1205 4182 (cle).
1220 4113 1233 4182 Ι]
1251 4133 1267 4166 a
1286 4115 1388 4166 domini
1400 4116 1525 4166 Meister:

381 4203 490 4252 abomni
510 4199 648 4268 (ablomni
665 4203 704 4265 H)
724 4203 782 4253 ΕΗ.
806 4198 818 4268 ΙΙ
842 4205 873 4255 16
891 4207 1020 4254 venuste:
1043 4200 1173 4267 sict—te
1193 4203 1222 4259 G,
1241 4205 1321 4251 -tae
1338 4200 1377 4264 H)
1399 4201 1452 4251 GH
1470 4199 1525 4264 (LI,

380 4287 522 4354 fenfustae
535 4295 595 4338 ante
606 4304 660 4338 raa.
673 4304 694 4348 c,
708 4289 859 4338 fenustaec
873 4285 909 4351 a).
926 4283 938 4352 l]
954 4287 1205 4352 proporticionibus
1225 4287 1254 4339 G.
1270 4283 1282 4352 ΙΙ
1304 4287 1336 4334 17
1355 4284 1446 4350 gloria
1465 4286 1527 4334 aria

380 4372 527 4422 architecti
547 4372 598 4422 GH
610 4372 677 4435 (Lib,
696 4373 796 4422 -testi
812 4370 848 4437 σ).
875 4374 943 4422 solus
963 4373 997 4421 G⁶
1014 4372 1106 4422 delevit
1123 4371 1184 4422 ario
1207 4371 1265 4434 (sed
1281 4378 1306 4420 et
1323 4372 1350 4418 in
1367 4371 1396 4418 Η
1413 4385 1527 4420 rasurae

378 4458 495 4520 υσειίᾳία,
515 4463 579 4510 teste
597 4455 728 4520 Meum).
753 4452 765 4522 Η
794 4458 825 4508 18
853 4457 1027 4507 constiuntur
1048 4463 1108 4507 ante
1129 4457 1178 4520 ips.
1200 4471 1269 4505 corr.
1296 4455 1325 4504 Ε.
1352 4449 1366 4520 ΙΙ
1393 4454 1438 4505 his
1465 4461 1528 4504 ante

379 4555 447 4591 corr.
463 4541 492 4591 Ε.
508 4537 521 4606 [Ι
539 4543 570 4591 19
582 4557 611 4591 se
623 4540 753 4593 consilia:
766 4541 915 4592 reconcilia
927 4547 986 4591 ante
996 4557 1065 4593 corr.
1077 4542 1105 4592 G.
1117 4537 1130 4606 ll
1145 4542 1178 4590 22
1190 4540 1227 4590 sit
1237 4540 1370 4591 futurum:
1383 4540 1422 4590 εἰσ
1433 4539 1494 4590 ΕΗ.
1509 4538 1527 4605 Η

380 4622 517 4689 archiltus
538 4626 566 4675 Ε.
590 4621 602 4691 Η
625 4628 657 4676 23
675 4626 811 4690 inceperit
827 4626 857 4674 H
876 4625 922 4688 (lc,
940 4626 1071 4689 inciperit
1093 4623 1142 4689 I.)z
1169 4622 1324 4689 incoeperit
1342 4623 1372 4674 Ε.
1394 4619 1407 4688 ΙΙ
1431 4624 1465 4672 26
1484 4624 1529 4674 fa·

379 4708 511 4758 cinndae:
530 4711 567 4758 εἰσ
586 4710 644 4760 ΕΗ.
668 4707 681 4774 ΙΙ
703 4706 906 4775 perselrrsprde
924 4717 984 4761 ante
1002 4726 1069 4761 corr.
1089 4706 1342 4774 (persclrrps1.de)
1363 4707 1393 4757 Ε.
