3784 5625
370 630 432 693 216
860 641 1017 688 vrraovn

372 820 485 861 versus
508 795 715 881 significabat
730 794 817 858 clara
839 814 919 859 voce
941 794 1107 859 invenisse
1123 792 1210 879 quod
1226 802 1407 879 quaereret.
1441 815 1515 857 nam

372 920 502 962 currens
519 896 699 961 identidem
714 917 831 981 graece
847 894 1008 959 clamabat
1026 918 1152 979 ευρηκα
1169 918 1306 979 annana.
1349 904 1422 959 tum
1437 917 1514 960 vero
1534 911 1556 958 11

373 1024 414 1064 ex
437 1022 474 1064 eo
496 999 696 1063 inventionis
719 999 870 1081 ingressu
892 996 974 1061 duas
997 996 1116 1061 fecisse
1137 996 1259 1061 dicitur
1272 1018 1399 1062 massas
1413 1019 1516 1083 aequo

372 1102 515 1190 pondere
539 1123 601 1187 quo
625 1101 723 1163 ctiam
744 1098 851 1162 suerat
873 1120 1007 1181 corona,
1035 1121 1134 1163 unam
1156 1120 1197 1161 ex
1219 1120 1297 1163 auro
1321 1106 1353 1162 et
1381 1097 1517 1163 alteram

340 1223 355 1271 5
375 1227 417 1268 ex
438 1212 584 1287 argento.
629 1225 702 1266 cum
725 1202 772 1264 ita
793 1200 941 1285 fecisset,
966 1224 1025 1265 vas
1046 1199 1190 1287 amplum
1213 1199 1256 1263 ad
1278 1223 1405 1266 summa
1427 1199 1517 1265 labra

374 1304 525 1391 implevit
556 1325 656 1390 aqua,
691 1304 726 1366 in
755 1324 817 1390 quo
846 1302 978 1366 demisit
1010 1311 1199 1387 argenteam
1226 1324 1377 1365 massam.
1429 1303 1518 1367 cuius
1590 1385 1595 1399 Ι

375 1416 496 1495 quanta
511 1403 702 1490 magnitudo
716 1406 751 1467 in
769 1426 845 1468 vaso
861 1403 1017 1489 depressa
1032 1412 1097 1485 est,
1118 1412 1244 1468 tantum
1258 1425 1364 1489 aquae
1380 1403 1518 1469 effluxit.

376 1511 422 1572 ita
445 1515 597 1593 exempta
622 1528 729 1569 massa
751 1515 871 1592 quanto
893 1507 999 1569 minus
1028 1505 1151 1569 factum
1173 1504 1279 1568 fuerat
1300 1504 1426 1569 refudit
1449 1529 1519 1570 sex-

375 1611 458 1675 tario
486 1629 633 1686 mensus,
668 1617 705 1671 ut
738 1607 850 1671 eodem
878 1606 975 1672 modo
1004 1630 1067 1693 quo
1096 1608 1188 1694 prius
1221 1606 1329 1671 fuerat
1355 1606 1399 1670 ad
1432 1606 1522 1672 labra

330 1731 360 1777 111
378 1707 580 1796 aequaretur.
632 1712 678 1773 ita
705 1731 747 1771 cx
774 1731 810 1773 eo
839 1710 967 1773 invenit
995 1719 1152 1794 quantum
1179 1707 1307 1795 pondus
1329 1711 1460 1793 argenti
1481 1709 1521 1773 ad

379 1814 499 1877 certam
522 1832 625 1898 aquae
640 1832 823 1874 mensuram
839 1810 1061 1897 responderet.
1099 1833 1173 1873 cum
1194 1809 1229 1873 id
1253 1819 1410 1896 expertus
1427 1820 1520 1893 esset,
1541 1826 1564 1873 12

378 1925 448 1980 tum
467 1935 598 1976 auream
619 1933 758 1976 massam
774 1912 924 1978 similiter
946 1904 1042 2000 pleno
1058 1935 1137 1977 vaso
1159 1912 1290 1977 demisit
1313 1921 1345 1977 et
1361 1935 1401 1976 ea
1415 1934 1522 1977 exem·

379 2026 437 2104 pta
459 2014 572 2078 eadem
593 2015 719 2078 ratione
741 2036 893 2077 mensura
912 2013 1027 2078 addita
1048 2015 1175 2079 invenit
1197 2013 1311 2079 deesse
1332 2037 1440 2102 aquae
1462 2036 1524 2079 non

379 2127 506 2181 tantum
528 2115 586 2180 sed
608 2116 732 2199 minus,
757 2125 876 2202 quanto
899 2117 1005 2181 minus
1027 2138 1144 2201 magno
1160 2138 1294 2203 corpore
1309 2115 1425 2180 eodem
1447 2139 1523 2204 pon·

336 2237 364 2291 15
381 2220 458 2284 dere
486 2218 557 2282 auri
591 2239 700 2281 massa
727 2227 812 2281 esset
841 2240 936 2303 quam
963 2219 1102 2302 argenti.
1153 2227 1266 2305 postea
1293 2240 1373 2283 vero
1403 2217 1524 2305 repleto

380 2343 459 2385 vaso
481 2322 516 2383 in
540 2319 652 2383 eadem
673 2340 758 2406 aqua
779 2322 851 2408 ipsa
873 2342 993 2384 corona
1014 2319 1157 2383 demissa
1178 2322 1305 2385 invenit
1327 2319 1401 2408 plus
1424 2342 1525 2406 aquae

381 2422 559 2486 defluxisse
580 2423 615 2485 in
637 2444 790 2486 coronam
812 2444 908 2508 quam
931 2424 965 2485 in
987 2443 1117 2485 auream
1140 2421 1253 2486 eodem
1276 2422 1423 2510 pondere
1444 2444 1524 2496 mas-

382 2547 467 2606 sam,
496 2532 528 2586 et
551 2524 596 2587 ita
619 2546 661 2587 ex
684 2546 721 2587 eo
742 2523 829 2611 quod
851 2522 993 2588 defuerit
1015 2522 1089 2610 plus
1110 2546 1213 2609 aquae
1235 2526 1271 2589 in
1290 2546 1410 2590 corona
1432 2545 1525 2610 quam

382 2629 416 2690 in
444 2647 567 2708 massa,
597 2626 808 2690 ratiocinatus
835 2625 1047 2713 reprehendit
1072 2627 1200 2711 argenti
1228 2628 1262 2690 in
1290 2648 1370 2691 auro
1396 2626 1525 2690 mixtio-

333 2745 366 2791 20
384 2749 459 2791 nem
482 2736 514 2789 et
536 2726 745 2790 manifestum
768 2726 891 2792 furtum
912 2728 1139 2817 redemptoris.

468 2828 697 2892 Transferatur
710 2851 801 2893 mens
817 2829 860 2892 ad
875 2830 1042 2916 Archytae
1058 2831 1225 2895 Tarentini
1245 2840 1278 2895 et
1300 2829 1526 2896 Eratosthenis
1544 2847 1570 2894 13

385 2931 545 3016 Cyrenaei
567 2931 719 3015 cogitata.
769 2931 803 2994 hi
831 2933 917 2995 enim
945 2930 1046 2996 multa
1075 2943 1107 2996 et
1133 2941 1228 3017 grata
1248 2954 1269 2996 a
1290 2931 1527 2997 mathematicis

384 3032 480 3096 rebus
510 3031 695 3096 hominibus
725 3033 937 3115 invenerunt,
967 3035 1079 3119 itaque
1106 3029 1181 3098 cum
1207 3036 1242 3098 in
1270 3035 1387 3099 ceteris
1416 3036 1527 3098 inven-

384 3133 528 3198 tionibus
562 3133 685 3198 fuerint
718 3137 820 3220 grati,
854 3136 888 3198 in
917 3136 985 3199 eius
1021 3137 1068 3198 rei
1104 3135 1359 3220 cogitationibus
1388 3136 1528 3199 maxime

455 3342 468 3388 1
488 3355 581 3390 versus
599 3342 668 3391 doc:
695 3342 788 3391 verius
807 3342 892 3392 EGH.
916 3338 927 3407 Η
951 3344 1095 3406 deyrnua
1114 3341 1176 3400 GH,
1195 3359 1264 3391 -na
1285 3342 1310 3391 E
1329 3339 1399 3404 (bis).
1423 3338 1436 3408 l}
1458 3342 1529 3392 dfe·

388 3427 460 3474 cisse
484 3425 598 3473 dicitur:
625 3429 662 3474 sic
685 3425 769 3475 ΕΘΙΙ.
794 3421 806 3491 ss
827 3426 844 3474 4
863 3429 891 3474 et
913 3423 949 3485 (s
967 3425 1031 3488 ΕΗ)
1056 3426 1184 3475 alteram:
1211 3427 1250 3476 {sic
1267 3427 1358 3494 ΕΘΗ.
1383 3423 1395 3492 ΙΙ
1419 3425 1530 3476 5labra

388 3508 448 3557 EG:
468 3508 541 3557 libra
555 3510 583 3557 H
596 3508 674 3571 (Lis).
691 3504 703 3574 ll
719 3510 735 3557 6
748 3510 837 3572 intim-
851 3508 974 3574 E)plevit
987 3524 1057 3572 aque
1072 3507 1155 3576 (aque
1168 3509 1226 3574 ΕΘ)
1240 3510 1321 3561 ΕΘΗ
1328 3508 1412 3574 (aqua
1424 3509 1503 3573 doc).
1517 3506 1529 3570 ’1

389 3591 496 3640 demisit
516 3592 561 3642 Gc:
586 3592 689 3641 dimisit
712 3593 788 3643 ΕΘΗ
807 3593 886 3658 (Llc).
909 3590 921 3660 l]
948 3596 1047 3644 ivaso
1066 3610 1126 3660 eqo:
1149 3596 1218 3644 vass
1240 3596 1303 3660 GH,
1328 3610 1426 3644 vasum
1445 3594 1471 3643 Ε
1489 3591 1530 3655 (L,

388 3690 454 3725 vase
473 3674 515 3740 lc).
537 3673 549 3742 ΙΙ
569 3679 584 3725 9
603 3691 713 3726 mensus
733 3682 775 3727 est
793 3675 818 3741 (e
831 3718 837 3731 .
851 3679 910 3740 EG)
929 3683 960 3727 ut
977 3678 1055 3728 EGH
1074 3679 1127 3741 (est
1144 3680 1193 3728 del.
1211 3678 1289 3742 Joe.).
1313 3676 1325 3744 ΙΙ
1350 3681 1381 3730 10
1399 3682 1530 3742 qnantum

389 3760 495 3825 pondus
514 3761 602 3811 Sedu:
633 3766 763 3824 quantum
787 3763 925 3813 adcertum
949 3763 1055 3828 pondus
1076 3763 1155 3814 ΕΘΗ
1172 3761 1354 3827 (antecipaado
1371 3779 1480 3828 sequens
1499 3761 1531 3811 ad

390 3844 514 3908 certam).
540 3842 552 3911 ΙΙ
577 3848 607 3894 12
626 3861 692 3895 vaso
712 3847 790 3897 ΕΘΗ
809 3845 856 3909 (L,
875 3864 942 3896 vase
960 3851 984 3897 lc
1001 3855 1027 3897 et
1045 3847 1100 3909 Εὐ).
1129 3844 1141 3914 ss
1169 3848 1281 3897 demisit
1297 3848 1339 3896 H:
1364 3847 1469 3897 dimisit
1485 3846 1532 3896 ΕΘ

390 3927 468 3993 (Llc).
481 3925 493 3996 Η
510 3933 542 3981 13
555 3932 572 3979 i.
584 3930 680 3981 deesse
695 3930 852 3994 (defluxisse
861 3931 929 3997 doc.)
944 3946 1034 3996 aquae
1047 3947 1106 3996 ego:
1119 3933 1139 3984 i.
1150 3946 1184 3981 ex
1195 3946 1284 3995 aquae
1299 3929 1360 3998 (-e
1375 3933 1407 3995 G)
1421 3932 1506 3982 EGH.
1518 3930 1530 3997 11

389 4030 443 4064 non
468 4014 496 4080 (ir
514 4014 573 4079 EG)
597 4017 679 4065 tanti]
702 4031 731 4065 se
752 4013 807 4077 (sed
831 4015 907 4078 Evcc)
927 4019 1031 4066 minore
1054 4015 1133 4066 ΕΘΗ
1151 4016 1250 4079 (minus
1273 4013 1352 4078 ὦσα).
1375 4011 1389 4082 Η
1413 4018 1445 4065 16
1467 4031 1532 4068 vaso

390 4099 468 4148 EGH
486 4099 528 4160 (L,
548 4114 614 4149 vase
633 4098 676 4164 lc).
698 4095 710 4165 ll
735 4115 807 4164 aqna
825 4099 884 4150 ΕΗ
899 4098 1033 4164 (achiab
1053 4115 1124 4166 aqna
1142 4107 1200 4150 nale
1218 4115 1287 4152 corr.
1308 4100 1329 4149 Θ
1348 4097 1385 4162 (et
1403 4099 1432 4163 l).
1452 4097 1465 4166 ΙΙ
1488 4101 1532 4150 de·
1575 4119 1587 4145 ο

389 4183 473 4232 missa
494 4184 524 4232 H
541 4182 636 4247 (GcL):
665 4183 776 4234 dimissa
799 4184 849 4236 ΕΘ
871 4182 926 4248 (lc).
952 4181 964 4252 Η
986 4199 1059 4248 aqua
1079 4185 1112 4235 G0
1135 4181 1205 4249 (ante
1227 4201 1280 4234 ras.
1304 4198 1375 4250 aque
1397 4185 1441 4249 Θ).
1463 4183 1475 4251 ΙΙ
1504 4186 1532 4234 17

390 4267 485 4317 eadem
504 4275 562 4317 ante
581 4284 651 4320 corr.
671 4268 726 4319 ΕΘ.
752 4265 763 4336 Ι]
786 4285 879 4320 massa
896 4277 956 4320 cate
978 4285 1046 4320 corr.
1066 4269 1094 4319 G.
1117 4265 1129 4336 11
1157 4271 1189 4320 18
1212 4268 1283 4333 quod
1302 4269 1387 4318 fuerit
1404 4267 1536 4330 (defuerit

390 4348 447 4418 ego)
466 4351 528 4416 plus
540 4367 630 4416 aquae
643 4353 730 4404 EGH.
748 4350 759 4414 ΙΙ
777 4356 808 4403 19
827 4352 935 4420 τερτε(ῤ
947 4355 983 4412 Η,
996 4371 1045 4421 pre
1058 4354 1215 4418 EG)hendit
1224 4353 1304 4404 ΕΘΗ
1321 4355 1358 4417 (ut
1367 4371 1395 4419 p.
1404 4357 1464 4412 215,
1477 4352 1533 4418 19):

390 4435 571 4501 deprehendit
589 4439 629 4489 ed.
653 4433 665 4504 l}
688 4438 840 4488 mittionem
860 4441 892 4488 H
912 4438 943 4503 (l,
963 4439 1123 4489 mixtionem
1143 4440 1245 4489 Lod:
1262 4439 1331 4498 ΕΘ),
1356 4436 1368 4504 ΙΙ
1390 4441 1422 4488 21
1448 4442 1536 4489 arato·

388 4519 510 4583 'sthen(m
518 4521 582 4583 E)is
599 4521 625 4571 Ε
643 4527 739 4572 etanta
756 4538 825 4573 corr.
840 4524 868 4574 Θ.
885 4520 897 4590 ll
913 4525 945 4572 22
959 4523 998 4572 hii
1017 4525 1045 4574 Η
1057 4522 1113 4586 (L).
1130 4520 1143 4589 ΙΙ
1163 4525 1196 4573 24
1208 4523 1313 4573 fuerint
1325 4524 1357 4573 Η
1373 4520 1453 4585 (ecte,
1465 4523 1537 4572 -rit

390 4604 439 4667 L):
459 4605 571 4655 fuerunt
589 4606 614 4654 Ε
632 4613 657 4655 et
669 4614 728 4656 ante
741 4623 810 4660 corr.
825 4608 853 4658 Θ.
873 4604 884 4674 ss
903 4608 1119 4672 cogitationibus
1132 4624 1179 4672 eya
1192 4606 1455 4670 (concertationibus
1468 4607 1535 4668 ed.):

392 4689 626 4739 concitationibus
647 4689 732 4740 EGH.
