3784 5625
384 686 427 753 90
874 704 1032 752 vrrnuru

384 855 542 921 denticuli
565 878 608 919 cx
630 856 823 945 proiecturis
845 878 990 919 asserum
1012 855 1135 920 habent
1156 856 1383 921 imitationem.
1421 855 1529 942 itaque

383 960 418 1023 in
440 957 577 1023 Graecis
599 958 752 1045 operibus
781 980 875 1023 nemo
898 959 960 1023 sub
982 957 1122 1023 mutulos
1145 955 1326 1023 denticulos
1348 957 1528 1022 constituit.

382 1083 448 1125 non
470 1062 555 1124 enim
577 1071 715 1147 possunt
736 1060 851 1126 subtus
873 1059 1058 1124 cantherios
1079 1081 1206 1124 asseres
1228 1080 1310 1124 esse.
1348 1058 1439 1145 quod
1453 1081 1528 1144 ergo

381 1184 480 1250 supra
501 1161 686 1226 cantherios
709 1172 741 1227 et
762 1161 882 1249 templa
904 1163 1094 1228 inveritate
1114 1160 1527 1245 debetesseooulocatum,

348 1277 364 1326 5
381 1263 417 1327 id
439 1265 474 1327 in
495 1264 695 1352 imaginibus
711 1264 740 1327 si
761 1264 849 1327 iufra
870 1266 1081 1329 constitutum
1095 1262 1196 1329 fuerit
1216 1263 1409 1328 mendosam
1430 1263 1527 1330 habe·

382 1366 432 1430 bit
452 1368 560 1453 operis
582 1367 751 1430 rationem.
802 1368 964 1452 etiamque
990 1366 1117 1452 antiqui
1144 1388 1210 1430 non
1230 1364 1455 1453 probaverunt
1475 1388 1527 1430 ue

382 1490 446 1555 que
468 1468 680 1532 instituerunt
701 1469 736 1531 in
757 1466 900 1553 fastigiis
921 1466 1063 1532 mutulos
1089 1477 1147 1532 aut
1173 1466 1356 1533 denticulos
1378 1467 1451 1532 fieri
1473 1466 1528 1532 sed

383 1592 480 1657 puras
507 1591 659 1651 coronas,
687 1569 762 1634 ideo
789 1569 876 1656 quod
902 1592 963 1633 uec
990 1569 1149 1634 cantherii
1178 1591 1239 1633 uec
1265 1591 1394 1634 asseres
1418 1579 1528 1635 contra

382 1669 590 1754 fastigiorum
613 1670 736 1736 frontes
758 1671 1000 1736 distribuuntur
1021 1694 1081 1735 nec
1101 1681 1238 1758 possunt
1251 1672 1449 1759 prominere,
1471 1671 1527 1736 sed

334 1787 365 1834 10
383 1771 426 1837 ad
448 1770 617 1836 stillicidia
640 1772 813 1859 proclinati
836 1772 1056 1838 conlocantur.
1100 1774 1146 1837 ita
1168 1773 1256 1860 quod
1277 1795 1344 1837 non
1364 1781 1474 1862 potest
1495 1775 1527 1838 in

383 1874 521 1938 veritate
543 1874 625 1956 fieri,
647 1873 683 1937 id
704 1897 769 1939 uon
791 1886 989 1961 putaverunt
1010 1877 1045 1939 iu
1067 1876 1265 1959 imaginibus
1287 1874 1412 1940 factum
1434 1896 1527 1963 posse

383 1984 506 2042 certam
527 1978 686 2041 rationem
710 1976 839 2041 habere.
883 1978 993 2041 omnia
1015 1978 1102 2041 enim
1124 1987 1211 2041 certa
1233 1978 1435 2065 proprietate
1457 1985 1489 2043 et
1508 1992 1554 2041 at

383 2079 471 2143 veris
492 2088 628 2143 naturae
650 2079 790 2144 deducta
811 2080 957 2144 moribus
979 2079 1237 2144 transduxerunt
1258 2080 1294 2142 in
1308 2099 1443 2166 operum
1458 2099 1526 2165 per·

383 2180 555 2262 factiones,
584 2193 616 2245 et
639 2202 676 2245 ea
697 2180 919 2268 probaverunt
945 2204 1083 2268 quomm
1105 2180 1342 2268 explicationes
1361 2182 1398 2246 in
1419 2180 1526 2268 dispu-

333 2282 562 2348 rotationibus
591 2285 752 2348 rationem
777 2292 914 2371 possunt
935 2284 1057 2348 habere
1079 2284 1240 2347 veritatis.
1284 2282 1396 2370 itaque
1418 2303 1462 2347 ex
1481 2278 1526 2347 eie

382 2384 565 2469 originibus
588 2386 795 2473 symmetrias
818 2394 850 2449 et
871 2386 1097 2472 proportiones
1119 2384 1378 2471 uniuscuiusque
1400 2384 1525 2469 generis

382 2489 575 2553 constitutas
589 2487 801 2575 reliquerunt.
823 2509 961 2575 quorum
976 2488 1144 2572 ingressus
1155 2496 1345 2574 persecutus
1361 2485 1404 2550 de
1414 2485 1525 2552 ionicis

383 2599 415 2654 et
444 2589 612 2654 corinthiis
639 2589 900 2655 institutionibus
927 2612 1026 2677 supra
1054 2588 1142 2671 dixi,
1170 2610 1256 2654 nunc
1282 2609 1362 2653 vero
1384 2587 1526 2654 doricam

382 2692 541 2755 rationem
563 2713 785 2777 summamque
808 2692 877 2755 eius
899 2692 1042 2778 speciem
1063 2691 1210 2757 breviter
1231 2711 1405 2778 exponam.

331 2803 375 2854 111
469 2790 625 2859 Nonnulli
636 2793 765 2881 antiqui
778 2792 949 2858 architecti
959 2803 1164 2878 negaverunt
1175 2792 1287 2859 dorico
1298 2812 1421 2878 genere
1431 2790 1525 2885 aedes
1541 2809 1551 2858 1

333 2908 364 2956 21
383 2916 491 2960 sacras
520 2904 670 2982 oportere
697 2895 783 2977 fieri,
816 2895 903 2982 quod
928 2896 1104 2961 mendosae
1132 2907 1165 2962 et
1187 2896 1472 2961 disconvenientes
1494 2895 1526 2958 iu

383 2997 435 3062 his
454 2998 664 3084 symmetriae
680 2997 944 3062 conficiebantur.
979 2999 1090 3084 itaque
1107 2999 1243 3084 negavit
1257 2996 1429 3078 Arcesius,
1451 2997 1526 3061 item

383 3098 539 3187 Pytheos,
562 3121 627 3163 non
648 3101 755 3163 minus
778 3099 1014 3195 Hermogenes.
1057 3122 1134 3163 nam
1156 3100 1185 3164 is
1207 3121 1282 3163 cum
1303 3106 1452 3185 paratam
1472 3096 1525 3160 ha·

383 3201 510 3267 buisset
531 3202 700 3266 marmoris
721 3202 847 3288 copiam
868 3202 902 3264 in
917 3200 1048 3264 doricae
1067 3201 1158 3267 aedis
1174 3201 1421 3288 perfectionem,
1443 3221 1525 3264 com·

332 3321 365 3369 ‘25
383 3305 523 3369 mutavit
545 3327 587 3367 ex
609 3303 723 3366 eadem
750 3304 844 3390 copia
866 3311 899 3368 et
926 3324 997 3365 eam
1019 3304 1160 3367 ionicam
1181 3302 1302 3367 Libero
1324 3303 1418 3367 Patri
1439 3301 1525 3364 fecit.

384 3404 443 3467 sed
471 3415 579 3469 tamen
607 3428 672 3469 uon
699 3405 786 3491 quod
813 3406 988 3469 invenusta
1023 3414 1074 3469 est
1100 3405 1226 3492 specics
1259 3413 1316 3468 aut
1342 3416 1447 3489 genus
1473 3412 1526 3466 aut

384 3504 509 3570 formae
535 3505 696 3590 dignitas,
735 3507 794 3570 sed
823 3506 910 3592 quod
942 3505 1090 3592 inpedita
1118 3516 1168 3572 est
1200 3515 1232 3571 et
1259 3504 1468 3571 incommoda
1494 3504 1527 3568 iu

383 3627 482 3694 opere
514 3605 754 3693 triglyphorum
789 3617 821 3673 et
853 3607 1092 3672 lacrmariorum
1130 3607 1331 3673 distributio.
1389 3625 1553 3692 namquet

382 3729 516 3773 neccsse
544 3718 593 3773 est
615 3707 798 3794 triglyphos
827 3711 980 3774 constitui
1008 3719 1120 3774 contra
1147 3708 1272 3772 medios
1295 3716 1455 3772 tetrantes
1477 3729 1525 3771 eo·

332 3827 366 3876 30
383 3808 577 3894 lumuarum,
599 3819 809 3898 metopasque
831 3832 913 3895 quae
935 3812 1021 3876 inter
1042 3809 1227 3899 triglyphos
1242 3808 1323 3875 fient
1341 3831 1447 3898 aeque
1461 3809 1525 3876 lon-

452 4068 620 4120 ldenticuli
643 4085 677 4119 ex
698 4069 768 4124 «locs
798 4069 947 4122 denticulis
971 4073 1000 4119 st
1019 4069 1072 4119 GH
1092 4066 1149 4131 (LI,
1173 4067 1375 4119 denticulorum
1399 4071 1428 4119 st
1444 4066 1495 4134 ct).
1513 4064 1524 4131 ll
1553 4050 1556 4055 Ι

382 4159 398 4206 2
417 4155 534 4207 mutulos
552 4156 639 4208 Mau:
662 4155 765 4205 mutulo
790 4156 849 4206 GH.
873 4151 884 4221 Η
907 4157 923 4205 4
941 4155 1060 4205 veritate
1080 4153 1115 4205 G:
1137 4156 1228 4204 -tem
1249 4153 1282 4202 H
1302 4150 1351 4217 (L,
1369 4156 1433 4203 -te
1450 4152 1493 4215 cl).
1513 4148 1524 4213 ll

384 4242 399 4288 6
419 4241 557 4304 etiamque
575 4241 645 4293 Joa:
666 4240 750 4291 etiam
768 4240 839 4305 quod
853 4239 945 4305 (qu)
965 4239 1024 4290 GH.
1045 4235 1057 4304 ΙΙ
1077 4241 1093 4288 7
1111 4236 1230 4288 mutulos
1249 4241 1297 4288 aut
1315 4253 1363 4294 om.
1384 4238 1448 4288 GH:
1467 4237 1526 4288 add.

383 4342 450 4394 Pbit.
466 4337 478 4406 ll
496 4343 527 4392 10
539 4341 656 4392 stillicia
672 4342 709 4394 H.
725 4338 738 4407 ΙΙ
755 4343 785 4392 11
798 4330 997 4407 pdt'ueruutH0
1010 4339 1055 4402 (=
1062 4341 1232 4406 putaverunt
1248 4337 1317 4404 Ltc).
1334 4335 1347 4405 ΙΙ
1364 4341 1398 4390 13
1410 4338 1527 4391 deducta

384 4425 447 4476 [ιον.
466 4423 556 4490 (ree.):
575 4426 703 4475 deductis
713 4426 771 4476 GH.
790 4423 802 4492 ΙΙ
817 4429 849 4476 21
864 4425 1099 4477 disconvenientia
1110 4432 1170 4475 cate
1181 4439 1251 4476 corr.
1258 4424 1297 4477 H.
1317 4419 1331 4490 [Ι
1353 4425 1387 4474 22
1399 4422 1527 4474 hessius

360 4503 364 4511 ’
384 4525 442 4574 epo:
462 4510 616 4560 tarchesius
635 4510 689 4560 GH
704 4508 755 4572 (LI,
775 4511 919 4561 archesius
935 4508 986 4574 cb).
1021 4511 1086 4560 idem
1104 4507 1227 4576 argelius
1244 4509 1318 4573 infra
1338 4508 1401 4558 VII
1413 4504 1524 4574 praetii

384 4597 417 4644 23
434 4593 569 4657 Pytheos:
589 4593 705 4658 pytheus
717 4595 776 4644 GH.
788 4597 822 4658 cf.
834 4613 862 4661 p.
881 4600 904 4656 8,
919 4600 943 4647 4.
960 4592 972 4661 ll
987 4598 1021 4644 24
1034 4595 1213 4644 commutavit
1226 4594 1281 4644 GH
1291 4593 1525 4658 (casamariam,

385 4683 412 4726 ut
434 4676 465 4734 V,
484 4681 506 4736 1,
526 4677 563 4739 4).
590 4674 602 4742 ll
630 4679 663 4728 2⁷
686 4683 728 4728 est
751 4682 779 4728 et
801 4680 877 4735 Lon:
910 4685 954 4730 est
970 4679 1131 4730 distributio
1153 4677 1200 4742 (cm
1216 4697 1241 4731 o.
1258 4678 1304 4744 28)
1330 4682 1359 4729 et
1377 4679 1437 4730 GH.
1460 4674 1472 4744 ΙΙ
1494 4677 1526 4728 28

387 4759 545 4831 distributio
563 4760 641 4818 Lon:
662 4778 746 4813 -oue
767 4763 825 4817 GH.
847 4760 860 4830 ΙΙ
883 4767 916 4815 30
933 4765 1077 4832 metophas
1098 4764 1151 4816 GH
1166 4762 1203 4828 (et
1218 4767 1257 4817 ec
1273 4763 1396 4833 muer).
