3784 5625
382 671 424 740 48
545 754 550 764 ¹
871 684 1029 736 vireurn

383 846 542 909 coriorum
570 840 766 927 diriguntur.
815 861 852 905 ea
880 852 1017 928 utraque
1044 852 1120 905 sunt
1146 842 1222 906 idco
1248 837 1358 925 firma,
1386 841 1529 929 primum

384 946 470 1033 quod
492 947 564 1031 ipsa
587 954 752 1007 caementa
780 956 854 1007 sunt
882 946 989 1029 spissa
1011 954 1043 1007 et
1066 942 1171 1007 solida
1193 946 1393 1030 proprietate
1420 967 1528 1031 neque

383 1048 424 1111 de
444 1048 580 1111 materia
602 1058 738 1133 possunt
768 1067 927 1130 exsugere
955 1044 1115 1131 liquorem
1143 1044 1201 1109 sed
1230 1056 1426 1109 conservant
1457 1068 1529 1109 earn

381 1152 414 1213 in
437 1172 495 1213 suo
517 1170 629 1212 umore
649 1147 692 1210 ad
716 1169 872 1212 summam
895 1158 1104 1227 vetustatem,
1127 1148 1263 1233 ipsaque
1280 1169 1391 1211 eorum
1406 1146 1529 1210 cubilia

347 1269 363 1315 5
380 1252 520 1337 primum
542 1250 639 1335 plana
661 1260 693 1313 et
714 1248 833 1313 librata
855 1250 961 1333 posita
975 1271 1041 1312 non
1055 1250 1224 1333 patiuntur
1237 1270 1333 1311 ruere
1346 1249 1528 1330 materiam,

381 1353 440 1417 sed
473 1361 630 1439 perpetua
662 1352 822 1437 parietum
861 1351 1077 1414 crassitudine
1112 1349 1250 1434 religata
1284 1352 1454 1414 continent
1486 1351 1529 1414 ad

382 1476 541 1517 summam
563 1463 770 1517 vetustatem.
814 1450 916 1514 altera
938 1463 988 1514 est
1015 1473 1112 1537 quam
1141 1455 1328 1535 εμπλεκτον
1349 1451 1527 1539 appellant,
1546 1479 1560 1525 7

382 1577 446 1640 qua
468 1556 566 1618 etiam
587 1556 691 1618 nostri
712 1555 825 1617 rustici
852 1563 1000 1617 utuntur.
1044 1576 1180 1639 quorum
1203 1553 1326 1618 frontes
1349 1552 1528 1640 poliuntur,

380 1654 506 1742 reliqua
528 1657 573 1719 ita
595 1658 644 1719 uti
667 1665 742 1720 aunt
764 1665 840 1719 nata
868 1677 941 1719 cum
970 1656 1105 1718 materia
1133 1654 1301 1719 conlocata
1322 1653 1459 1719 alternis
1481 1654 1527 1718 al-

333 1775 365 1823 10
382 1756 487 1842 ligant
515 1759 726 1841 coagmentis.
777 1756 835 1819 sed
868 1758 972 1821 nostri
1006 1755 1165 1820 celeritati
1198 1756 1385 1839 studentes,
1420 1766 1528 1820 erecta

383 1857 588 1922 conlocantes
615 1857 779 1922 frontibus
807 1859 955 1921 serviunt
983 1868 1016 1921 et
1043 1859 1079 1920 in
1106 1857 1215 1921 medio
1242 1857 1384 1921 farciunt
1412 1858 1527 1923 fractis

382 1962 557 2047 separatim
580 1983 653 2023 cum
674 1961 810 2023 materia
832 1961 1019 2023 caementis.
1063 1961 1109 2023 ita
1131 1970 1198 2024 tres
1221 1962 1422 2023 suscitantur
1437 1961 1473 2023 in
1490 1982 1527 2023 ea

383 2071 544 2126 structura
576 2072 720 2143 crustae,
758 2061 841 2125 duae
873 2061 1030 2126 frontium
1070 2071 1102 2125 et
1134 2084 1199 2125 una
1231 2062 1341 2124 media
1372 2061 1526 2125 farturae.

383 2162 503 2227 Graeci
531 2184 609 2226 vero
635 2185 701 2227 non
728 2164 792 2243 ita,
821 2162 999 2249 sed=plana
1021 2163 1227 2227 conlocantes
1250 2173 1283 2226 et
1304 2162 1527 2248 longitudines

332 2286 364 2333 15
382 2287 492 2330 eorum
513 2263 648 2328 alternis
670 2267 705 2328 in
727 2264 978 2328 crassitudinem
1001 2268 1216 2348 instruentes,
1244 2287 1310 2329 non
1331 2266 1440 2329 media
1454 2264 1526 2329 'far-

382 2368 472 2431 ciunt
494 2366 552 2430 sed
575 2388 592 2429 e
614 2368 681 2430 suis
704 2366 868 2431 frontibus
891 2376 1080 2453 perpetuam
1103 2378 1135 2431 et
1156 2389 1254 2430 unam
1276 2368 1527 2432 erassitudinem

381 2471 540 2556 parietum
564 2467 778 2534 consolidant.
821 2478 989 2556 praeterea
1010 2470 1221 2555 interponunt
1242 2468 1388 2554 singulos
1410 2472 1526 2534 crassi-

381 2572 495 2634 tudine
517 2581 675 2657 perpetua
696 2581 834 2656 utraque
855 2581 947 2657 parte
969 2570 1144 2653 frontatos,
1169 2593 1248 2656 quos
1272 2570 1450 2646 διατονους
1471 2594 1526 2659 ap-

382 2671 520 2758 pellant,
556 2673 613 2758 qui
640 2674 782 2736 maxime
809 2671 980 2758 religando
1008 2672 1200 2759 confirmant
1227 2673 1387 2758 parietum
1415 2671 1526 2740 solidi·

332 2782 493 2842 aetatem.
542 2775 652 2858 itaque
680 2775 708 2836 si
736 2776 791 2860 qui
819 2773 960 2839 voluerit
995 2796 1038 2838 ex
1069 2774 1121 2839 his
1154 2776 1395 2840 commentariis
1423 2776 1557 2844 anim-8

383 2875 554 2940 advertere
582 2884 614 2938 et
641 2874 763 2959 eligere
790 2898 892 2960 genus
921 2887 1119 2959 structurae,
1152 2879 1380 2963 perpetuitatis
1407 2880 1527 2964 poterit

381 2978 542 3040 rationem
573 2976 702 3040 habere.
747 3000 812 3042 non
843 2979 929 3041 enim
964 3001 1047 3064 quae
1080 2989 1155 3042 sunt
1188 3001 1205 3041 e
1237 2977 1328 3042 molli
1361 2989 1527 3043 caemento

382 3077 496 3142 subtili
524 3078 609 3142 facie
635 3081 817 3143 venustatis
825 3128 834 3161 ,
863 3102 927 3144 non
956 3102 1013 3143 eae
1041 3090 1178 3166 possunt
1205 3102 1277 3143 esse
1305 3083 1341 3143 in
1362 3091 1526 3145 vetustate

380 3203 447 3244 nou
468 3182 629 3246 ruinosae.
673 3182 783 3266 itaque
806 3202 878 3244 cum
901 3181 1018 3245 arbitri
1046 3179 1263 3246 communium
1290 3183 1452 3267 parietum
1474 3205 1525 3246 su·

331 3304 363 3353 25
380 3293 522 3366 muntur,
545 3306 611 3346 non
632 3285 807 3346 aestimant
830 3305 883 3347 eos
908 3285 1021 3369 quanti
1043 3283 1124 3347 iacti
1145 3284 1283 3366 fuerint,
1307 3283 1366 3347 sed
1388 3307 1463 3347 cum
1485 3307 1526 3347 ex

380 3383 500 3446 tabulis
523 3386 696 3448 inveniunt
719 3407 829 3449 eorum
858 3386 1027 3450 locationis
1050 3386 1171 3471 pretia,
1199 3387 1446 3470 praeteritorum
1469 3409 1524 3449 an-

379 3507 494 3548 norum
522 3485 724 3570 singulorum
756 3488 921 3550 deducunt
953 3489 1167 3571 octogesimas
1201 3496 1233 3548 et
1261 3489 1307 3550 ita
1335 3509 1373 3550 ea
1399 3487 1525 3574 reliqua

380 3608 506 3649 summa
527 3596 623 3670 pacta
643 3589 738 3651 reddi
761 3611 819 3675 pro
839 3589 890 3651 his
906 3588 1086 3675 parietibus
1103 3591 1299 3652 sententiam
1313 3591 1525 3677 pronuntiant

380 3709 434 3750 eos
457 3709 522 3751 non
545 3710 640 3772 posse
662 3687 735 3774 plus
759 3712 854 3774 quam
876 3712 978 3754 annos
999 3689 1135 3752 LXXX
1158 3689 1288 3753 durare.

446 3949 461 3995 3
482 3961 542 3994 eam
561 3947 639 3997 Part:
660 3962 693 3995 00
713 3947 770 3996 GH.
797 3944 809 4012 Ι)
832 3950 847 3996 5
865 3948 987 3998 liberata
1008 3950 1037 3997 G.
1061 3944 1073 4013 ΙΙ
1096 3949 1111 3997 7
1131 3949 1276 4013 enpleeton
1297 3950 1323 3996 H
1342 3948 1459 4014 (deme),
1478 3963 1522 3999 en·

376 4029 473 4093 pieton
491 4038 551 4080 ante
568 4046 636 4082 corr.
657 4031 686 4080 G.
710 4027 722 4096 ΙΙ
747 4034 777 4081 10
796 4032 941 4082 eeleritate
960 4040 1019 4082 onte
1037 4049 1106 4084 corr.
1128 4034 1157 4082 G.
1186 4030 1198 4099 ΙΙ
1227 4036 1257 4081 11
1281 4032 1405 4081 farciunt
1427 4032 1522 4098 (reae

375 4132 400 4164 υ.
419 4115 461 4178 15)
482 4115 581 4165 fractis
600 4116 666 4180 (100.
685 4132 721 4164 esc
738 4117 806 4167 lain.
827 4120 868 4174 36,
883 4114 959 4180 172):
977 4117 1084 4165 faciunt
1096 4117 1181 4166 factis
1201 4118 1259 4166 GH.
1283 4113 1295 4182 Ι)
1319 4119 1351 4166 11
1368 4117 1454 4182 plana
1472 4119 1523 4167 GH

377 4199 420 4260 (L,
439 4199 523 4263 plena
540 4204 563 4249 10
581 4199 618 4264 [et
635 4198 669 4266 υ).
691 4196 703 4265 ΙΙ
727 4203 758 4250 16
777 4217 792 4251 0
811 4201 882 4250 suis:
900 4203 938 4250 sic
950 4201 1007 4253 GH.
1029 4194 1042 4267 ΙΙ
1065 4201 1202 4251 frontibus
1214 4202 1300 4251 Mara
1319 4203 1453 4252 frontatis
1472 4202 1522 4252 GH

375 4280 523 4345 (00018).
547 4282 559 4349 ΙΙ
583 4291 611 4334 01
629 4282 711 4334 unam
724 4285 814 4338 Selia:
835 4290 863 4334 et
880 4286 908 4333 in
926 4300 1010 4335 unam
1028 4283 1142 4350 (mulne
1155 4286 1187 4348 G)
1208 4286 1266 4336 GH.
1289 4282 1302 4351 Ι)
1326 4288 1357 4335 17
1369 4286 1521 4351 Pre(eG0)-

375 4369 453 4415 terea
472 4367 505 4417 G:
525 4368 703 4432 praeca&era
721 4372 750 4419 H
768 4369 846 4435 (prae
866 4374 961 4435 001000
973 4374 1013 4419 vel
1030 4379 1123 4420 cetera
1133 4368 1201 4434 Llc).
1221 4367 1234 4436 ΙΙ
1255 4372 1286 4419 18
1297 4372 1412 4435 porteG
1431 4368 1519 4436 (parte
1577 4405 1580 4410 ,

376 4484 509 4548 60LI000):
529 4491 624 4549 partes
645 4489 671 4535 H
691 4487 760 4550 (101).
782 4485 796 4554 ΙΙ
819 4490 948 4538 diatonos
974 4490 1032 4542 GH.
1055 4485 1068 4554 ΙΙ
1090 4491 1123 4539 13
1143 4505 1193 4538 eae
1214 4491 1241 4539 H
1259 4463 1324 4553 (liae
1344 4489 1403 4552 G0):
1427 4490 1480 4541 hae
1500 4490 1521 4539 G

375 4567 556 4635 11110001).
583 4567 594 4636 Ι)
621 4572 760 4621 vetustate
779 4575 821 4622 ck:
850 4579 999 4624 venustate
1024 4574 1076 4623 GH
1099 4573 1163 4638 (11),
1192 4571 1204 4638 Ι)
1231 4577 1265 4623 14
1289 4575 1387 4624 arbitri
1409 4576 1520 4624 Poleuus

375 4649 597 4718 (arbitriaJoc.):
618 4654 731 4704 arbitrio
746 4657 803 4708 GH.
828 4654 839 4722 ΙΙ
863 4659 1138 4711 161000110010100,;
1158 4674 1240 4708 -nes
1255 4658 1313 4711 GH.
1337 4656 1350 4724 ΙΙ
1377 4661 1410 4708 at
1429 4674 1517 4711 ea...

373 4741 457 4803 pacta
475 4752 534 4800 epo:
556 4753 588 4786 ex
608 4775 656 4788 ...
676 4745 755 4803 parte
776 4740 833 4792 GH.
857 4738 868 4806 ΙΙ
891 4743 925 4791 18
944 4758 1063 4792 summa:
1081 4747 1118 4792 010
1138 4743 1195 4794 GH.
1219 4741 1231 4806 ΙΙ
1254 4741 1363 4806 senltra
1381 4743 1429 4800 G„
