3784 5625
434 646 514 728 {26
560 699 572 716 κ
946 673 1104 725 vrrnovn

450 831 664 917 tignationem
687 830 928 917 suspendantur
950 846 1045 916 quarn
1069 829 1291 911 creberrimis,
1320 850 1443 916 eaeque
1464 827 1593 913 regulae

449 935 522 997 sive
543 954 639 996 arcus
661 934 708 997 ita
731 932 947 1018 disponantur
968 934 1017 996 uti
1032 931 1161 1016 tegulae
1176 932 1247 995 sine
1261 931 1465 1015 marginibus
1480 930 1592 995 sedere

450 1036 485 1098 in
507 1033 634 1097 duabus
657 1034 833 1120 invehique
855 1035 993 1119 possint,
1017 1042 1050 1097 et
1071 1033 1117 1096 ita
1138 1041 1227 1097 totae
1249 1033 1544 1097 concamerationes
1558 1033 1591 1095 in

449 1136 536 1199 ferro
556 1136 699 1199 nitentes
721 1136 788 1198 sint
809 1134 982 1221 perfectae.
1020 1156 1194 1220 earumque
1213 1155 1413 1199 camerarum
1428 1134 1593 1220 superiora

416 1250 433 1297 5
451 1245 643 1322 coagmenta
665 1259 708 1300 ex
729 1235 846 1321 argilla
868 1258 941 1300 cum
964 1235 1082 1322 capillo
1104 1234 1240 1298 subacta
1261 1234 1419 1299 liniantur
1426 1283 1436 1317 ,
1459 1234 1592 1298 inferior

448 1348 557 1402 autem
579 1360 666 1423 pars,
690 1359 772 1423 quae
793 1338 836 1401 ad
856 1338 1081 1423 pavimentum
1102 1345 1239 1423 spectat,
1262 1339 1403 1423 primum
1417 1345 1506 1400 testa
1519 1358 1591 1400 cum

449 1439 536 1502 calce
558 1438 767 1522 trullissetur,
790 1438 909 1502 deinde
932 1460 1029 1525 opere
1050 1438 1174 1502 albario
1197 1440 1268 1502 sive
1288 1440 1426 1503 tectorio
1440 1436 1590 1525 poliatur.

450 1562 570 1626 eaeque
593 1562 739 1612 camerae
767 1541 801 1603 in
830 1539 984 1604 caldariis
1013 1541 1042 1603 si
1064 1538 1208 1625 duplices
1231 1539 1337 1603 factae
1358 1540 1495 1620 fuerint,
1526 1560 1589 1601 me-

449 1640 563 1705 liorem
584 1640 751 1705 habebunt
772 1664 877 1705 usum.
921 1664 987 1705 non
1007 1642 1094 1704 enim
1108 1662 1128 1703 a
1142 1663 1263 1728 vapore
1278 1663 1371 1705 umor
1385 1662 1591 1727 corrumpere

400 1758 431 1805 10
449 1743 570 1829 poterit
591 1743 760 1806 materiem
782 1744 1053 1827 contignationis,
1077 1741 1136 1805 sed
1157 1744 1243 1806 inter
1265 1742 1345 1807 duas
1367 1764 1512 1807 cameras
1534 1764 1590 1805 va-

448 1844 589 1928 gabitur.
633 1845 875 1929 magnitudines
902 1855 1012 1909 autem
1038 1842 1241 1908 balinearum
1263 1843 1419 1909 videntur
1439 1844 1511 1908 fieri
1532 1856 1622 1930 prot

448 1946 542 2031 copia
556 1945 733 2009 hominum.
770 1947 836 2009 sint
850 1946 896 2009 ita
911 1947 1120 2032 compositae.
1157 1954 1280 2032 quanta
1294 1944 1465 2031 longitudo
1480 1946 1589 2028 fuerit,

448 2048 545 2111 tertia
571 2047 718 2134 dempta,
753 2046 892 2111 latitudo
920 2050 964 2111 sit
991 2057 1120 2134 praeter
1146 2046 1290 2111 scholam
1317 2046 1402 2111 labri
1433 2056 1466 2111 et
1493 2046 1589 2109 alvei.

448 2148 576 2213 labrum
608 2150 721 2235 utique
748 2147 809 2213 sub
845 2148 968 2213 lumine
1001 2149 1189 2213 faciundum
1218 2148 1365 2232 videtur,
1396 2171 1439 2213 ne
1466 2158 1590 2225 stantes

398 2265 430 2313 15
448 2252 570 2315 circum
599 2251 666 2314 suis
693 2250 818 2314 umbris
846 2250 1021 2314 obscurent
1043 2250 1157 2315 lucem.
1202 2250 1330 2314 scholas
1351 2260 1462 2314 autem
1484 2250 1588 2314 labro-

447 2375 519 2415 rum
540 2353 587 2416 ita
609 2353 680 2416 fieri
702 2360 829 2438 oportet
851 2353 1012 2438 spatiosas
1039 2352 1088 2416 uti
1115 2373 1188 2414 cum
1210 2352 1335 2437 priores
1358 2351 1591 2439 occupaverint

340 2515 342 2518 ,
446 2453 527 2536 loca,
544 2454 852 2540 circumspectantes
868 2453 987 2539 reliqui
1001 2461 1089 2516 recte
1105 2462 1191 2517 stare
1206 2454 1342 2539 possint.
1379 2452 1468 2517 alvei
1481 2462 1589 2517 autem

446 2554 585 2619 latitudo
608 2556 693 2619 inter
714 2556 872 2642 parietem
894 2564 926 2618 et
949 2554 1095 2641 pluteum
1115 2576 1157 2617 ne
1178 2556 1285 2619 minus
1308 2555 1352 2618 sit
1366 2555 1468 2641 pedes
1484 2576 1588 2636 senos,

446 2665 484 2719 ut
515 2655 636 2740 gradus
668 2657 804 2719 inferior
835 2656 913 2719 inde
951 2655 1079 2720 auferat
1111 2666 1143 2720 et
1174 2655 1330 2743 pulvinus
1362 2655 1445 2721 duos
1479 2656 1588 2743 pedes.

395 2773 429 2821 20
445 2756 626 2821 laconicum
648 2756 901 2843 sudationesque
922 2768 999 2823 sunt
1014 2757 1259 2843 coniungendae
1273 2757 1446 2845 tepidario,
1471 2773 1617 2844 eaequeo

447 2881 542 2944 quam
565 2857 650 2922 latae
671 2859 804 2941 fuerint,
826 2869 952 2924 tantam
966 2860 1172 2924 altitudinem
1191 2859 1332 2924 habeant
1346 2861 1389 2923 ad
1404 2861 1504 2922 imam
1519 2881 1587 2923 cur·

447 2970 597 3024 vaturam
624 2959 866 3047 hemisphaerii.
916 2962 1123 3048 mediumque
1150 2961 1258 3025 lumen
1286 2963 1321 3025 in
1348 2960 1587 3048 hemisphaerio

445 3062 647 3148 relinquatur
674 3083 716 3125 ex
744 3083 846 3147 coque
873 3061 1013 3148 clipeum
1042 3085 1179 3127 aeneum
1200 3063 1323 3127 catenis
1346 3063 1504 3150 pendeat,
1531 3083 1587 3149 per

403 3200 406 3205 »
446 3167 537 3229 cuius
559 3163 765 3228 reductiones
794 3173 826 3227 et
848 3163 1062 3229 demissiones
1089 3164 1275 3252 perficietur
1303 3163 1486 3229 sudationis
1508 3173 1585 3226 tem·
1639 3203 1641 3206 -

395 3280 428 3330 25
446 3276 607 3353 peratura.
652 3267 825 3352 ipsumque
852 3266 894 3330 ad
924 3267 1096 3330 circinum·
1109 3267 1181 3330 fieri
1203 3275 1352 3354 oportere
1375 3265 1524 3349 videtur,
1552 3272 1587 3328 ut

445 3368 623 3455 aequaliter
650 3389 670 3429 a
697 3367 805 3431 medio
829 3368 980 3432 flammae
1007 3369 1203 3455 vaporisque
1229 3369 1281 3432 vis
1309 3389 1368 3454 per
1395 3376 1587 3431 curvaturae

443 3469 688 3532 rotundationes
710 3479 917 3555 pervagetur.

445 3658 486 3706 H:
505 3657 614 3720 haeque
634 3656 656 3706 G
673 3655 783 3725 (1110).ss
801 3661 814 3708 1
834 3674 939 3724 eaeque
954 3659 1005 3709 GH
1017 3658 1116 3725 (aeque
1133 3660 1180 3718 lot,
1197 3658 1307 3724 haeqnq
1323 3659 1361 3718 tc,
1379 3657 1490 3723 haeque
1508 3656 1553 3720 L).
1572 3654 1586 3721 ΙΙ

444 3761 460 3808 2
478 3745 575 3814 {edere
595 3759 637 3808 Ge.
660 3754 672 3825 1)
695 3762 710 3809 3
730 3760 986 3811 concamarationes
1006 3761 1057 3810 GH
1073 3761 1101 3825 (1,
1114 3760 1369 3810 concamerationes
1387 3757 1465 3824 not).
1492 3760 1587 3831 duplex

444 3849 595 3892 correctura
613 3844 639 3892 in
659 3843 687 3903 G,
703 3845 788 3908 prima
803 3848 831 3894 in
850 3861 873 3907 e,
891 3861 982 3895 rursus
1000 3847 1090 3896 deinde
1107 3847 1134 3895 ia
1151 3862 1177 3896 a.
1202 3842 1215 3912 ll
1235 3847 1438 3894 dcamararum
1461 3843 1515 3894 GH
1530 3841 1588 3908 (ca-

444 3943 581 3983 merarum
600 3927 668 3992 Llc).
689 3924 701 3993 ll
721 3930 737 3978 5
755 3929 871 3978 inferior
888 3931 943 3980 Joc.
964 3927 1062 3995 (epit.):
1080 3929 1197 3980 interior
1215 3930 1273 3980 GH.
1291 3925 1303 3995 ΙΙ
1326 3930 1342 3979 *1
1359 3929 1531 3980 trullissetur
1542 3926 1585 3990 (cs.

447 4013 515 4072 VII,
536 4014 562 4061 3.
581 4010 622 4076 4):
647 4011 791 4062 trulizetur
815 4013 1222 4079 61100111,111111128111111111)
1246 4011 1370 4064 tulrzdrnr
1386 4015 1419 4062 H
1439 4011 1520 4076 (Llc).
1542 4009 1587 4078 118

444 4110 550 4159 eaeque
571 4096 622 4146 GH
640 4096 738 4162 (aeque
756 4098 804 4161 leh,
822 4097 929 4162 haeque
948 4100 985 4157 16,
1002 4098 1108 4164 haeque
1127 4099 1172 4160 L).
1193 4094 1206 4164 Ι)
1229 4113 1356 4148 camerae
1377 4097 1436 4147 GH.
1461 4093 1474 4164 Ι)
1494 4099 1526 4146 10
1544 4110 1588 4145 ca·

442 4196 533 4231 meras
552 4181 611 4231 GH.
635 4178 648 4247 Ι)
671 4184 700 4231 11
719 4182 882 4232 balneorum
901 4183 952 4233 GH
969 4181 1013 4245 (L,
1032 4181 1194 4232 balnearum
1211 4185 1235 4232 lc
1252 4188 1278 4231 et
1294 4179 1379 4246 epit).
1399 4176 1413 4246 Ι)
1433 4182 1465 4230 13
1484 4179 1588 4231 scolam

445 4264 504 4315 GH.
524 4262 536 4330 Ι)
560 4266 592 4314 14
610 4266 772 4316 faciundum
791 4267 818 4315 H
836 4265 919 4332 (Llc):
939 4266 1097 4316 faciendum
1116 4267 1145 4321 G.
1163 4263 1175 4331 ΙΙ
1192 4266 1224 4316 15
1242 4281 1334 4316 orcum
1354 4266 1376 4316 G
1394 4264 1464 4328 (sic).
1481 4261 1495 4331 Ι)
1510 4263 1588 4314 scho-

391 4396 394 4400 r
443 4348 486 4400 las
504 4351 533 4399 H
551 4348 643 4417 (holds
663 4351 754 4403 scolas
774 4352 795 4402 G
814 4350 854 4416 (1).
879 4348 892 4417 Ι)
912 4351 1037 4403 laborum
1055 4358 1115 4401 ante
1133 4367 1203 4403 corr.
1223 4351 1252 4400 G.
1275 4346 1287 4416 ΙΙ
1310 4352 1342 4400 16
1360 4348 1422 4400 lieri
1442 4349 1465 4399 (ἶ
1483 4346 1588 4413 (Lcclrb

443 4451 530 4502 fuerit
546 4453 576 4500 H
593 4451 649 4517 (lc).
673 4449 684 4519 ))
707 4455 739 4504 18
761 4443 844 4522 ieros
868 4453 910 4502 Gc.
933 4449 946 4520 ))
968 4456 1001 4504 20
1019 4468 1124 4518 eaeque
1145 4452 1196 4502 GH
1217 4452 1317 4516 (aeque
1335 4451 1377 4509 cla,
1399 4466 1469 4517 aque
1486 4454 1504 4510 l,
1519 4440 1588 4500 hae·

444 4569 495 4619 que
518 4552 563 4617 L).
585 4549 597 4619 ))
625 4555 659 4602 22
680 4553 839 4619 hemisperii
864 4554 922 4606 GH.
945 4549 958 4620 ll
980 4556 1013 4604 23
1040 4553 1159 4619 clipeum
1184 4554 1213 4612 G,
1241 4544 1365 4618 clypedm
1387 4552 1431 4601 Hc
1448 4549 1589 4618 (clypeum

443 4638 511 4702 Llc).
535 4635 547 4703 1)
570 4638 604 4686 24
626 4636 807 4688 demissiones
826 4640 860 4688 G:
887 4638 1062 4689 dimissiones
1080 4641 1108 4688 H
1127 4636 1206 4702 (Llc).
1234 4635 1247 4705 ΙΙ
1273 4640 1306 4688 21
1329 4636 1537 4688 rotundationis
1559 4637 1591 4685 H

444 4722 538 4788 (-nes
556 4721 618 4779 Hc).
1145 4722 1147 4729 ’
1334 4716 1347 4735 “
