<?xml version="1.0" encoding="UTF-8"?>
<!DOCTYPE html PUBLIC "-//W3C//DTD XHTML 1.0 Transitional//EN"
    "http://www.w3.org/TR/xhtml1/DTD/xhtml1-transitional.dtd">
<html xmlns="http://www.w3.org/1999/xhtml" xml:lang="en" lang="en">
 <head>
  <title>
</title>
<meta http-equiv="Content-Type" content="text/html;charset=utf-8" />
  <meta name='ocr-system' content='tesseract 3.04.00' />
  <meta name='ocr-capabilities' content='ocr_page ocr_carea ocr_par ocr_line ocrx_word'/>
</head>
<body>
  <div class='ocr_page' id='page_1' title='image "./vitruviidearchi01strgoog_0069.png"; bbox 0 0 3784 5625; ppageno 0'>
   <div class='ocr_carea' id='block_1_1' title="bbox 714 650 1525 732">
    <p class='ocr_par' dir='ltr' id='par_1_1' title="bbox 714 650 1525 732">
     <span class='ocr_line' id='line_1_1' title="bbox 714 650 1525 732; baseline 0.005 -15"><span class='ocrx_word' id='word_1_1' title='bbox 714 669 761 717; x_wconf 82' lang='lat' dir='ltr'>nn</span> <span class='ocrx_word' id='word_1_2' title='bbox 784 670 1052 719; x_wconf 76' lang='lat' dir='ltr'>sncrnrscruns</span> <span class='ocrx_word' id='word_1_3' title='bbox 1075 672 1143 719; x_wconf 78' lang='lat' dir='ltr'>nm.</span> <span class='ocrx_word' id='word_1_4' title='bbox 1167 659 1217 732; x_wconf 64' lang='lat' dir='ltr'>rt.</span> <span class='ocrx_word' id='word_1_5' title='bbox 1304 650 1307 654; x_wconf 58' lang='grc'><em>“</em></span> <span class='ocrx_word' id='word_1_6' title='bbox 1485 657 1525 723; x_wconf 80' lang='grc'>51</span> 
     </span>
    </p>
   </div>
   <div class='ocr_carea' id='block_1_2' title="bbox 330 814 1594 2842">
    <p class='ocr_par' dir='ltr' id='par_1_2' title="bbox 330 814 1594 2842">
     <span class='ocr_line' id='line_1_2' title="bbox 383 814 1594 911; baseline 0.004 -25"><span class='ocrx_word' id='word_1_7' title='bbox 383 824 426 887; x_wconf 92' lang='lat' dir='ltr'>ad</span> <span class='ocrx_word' id='word_1_8' title='bbox 449 823 600 888; x_wconf 81' lang='lat' dir='ltr'><strong>dextram</strong></span> <span class='ocrx_word' id='word_1_9' title='bbox 621 834 746 911; x_wconf 89' lang='lat' dir='ltr'>partem</span> <span class='ocrx_word' id='word_1_10' title='bbox 768 824 874 890; x_wconf 87' lang='lat' dir='ltr'>forum</span> <span class='ocrx_word' id='word_1_11' title='bbox 896 834 928 888; x_wconf 91' lang='lat' dir='ltr'>et</span> <span class='ocrx_word' id='word_1_12' title='bbox 950 835 1063 911; x_wconf 91' lang='lat' dir='ltr'>portus</span> <span class='ocrx_word' id='word_1_13' title='bbox 1085 827 1312 911; x_wconf 91' lang='lat' dir='ltr'>moeniumque</span> <span class='ocrx_word' id='word_1_14' title='bbox 1326 836 1395 891; x_wconf 85' lang='lat' dir='ltr'>tota</span> <span class='ocrx_word' id='word_1_15' title='bbox 1409 827 1525 910; x_wconf 90' lang='lat' dir='ltr'>finitio,</span> <span class='ocrx_word' id='word_1_16' title='bbox 1591 814 1594 821; x_wconf 52' lang='grc'><strong>’</strong></span> 
     </span>
     <span class='ocr_line' id='line_1_3' title="bbox 384 923 1527 1013; baseline 0.002 -25"><span class='ocrx_word' id='word_1_17' title='bbox 384 923 445 988; x_wconf 89' lang='lat' dir='ltr'>sub</span> <span class='ocrx_word' id='word_1_18' title='bbox 473 927 640 1009; x_wconf 70' lang='lat' dir='ltr'>sinistram</span> <span class='ocrx_word' id='word_1_19' title='bbox 668 935 811 990; x_wconf 91' lang='lat' dir='ltr'>secretus</span> <span class='ocrx_word' id='word_1_20' title='bbox 840 926 902 990; x_wconf 92' lang='lat' dir='ltr'>sub</span> <span class='ocrx_word' id='word_1_21' title='bbox 931 926 1113 998; x_wconf 71' lang='lat' dir='ltr'>moenibus,</span> <span class='ocrx_word' id='word_1_22' title='bbox 1137 925 1241 992; x_wconf 91' lang='lat' dir='ltr'>latens</span> <span class='ocrx_word' id='word_1_23' title='bbox 1276 937 1389 1013; x_wconf 88' lang='lat' dir='ltr'>portus</span> <span class='ocrx_word' id='word_1_24' title='bbox 1417 928 1463 992; x_wconf 92' lang='lat' dir='ltr'>ita</span> <span class='ocrx_word' id='word_1_25' title='bbox 1490 936 1527 990; x_wconf 90' lang='lat' dir='ltr'>ut</span> 
     </span>
     <span class='ocr_line' id='line_1_4' title="bbox 383 1026 1526 1115; baseline 0.003 -26"><span class='ocrx_word' id='word_1_26' title='bbox 383 1048 477 1091; x_wconf 92' lang='lat' dir='ltr'>nemo</span> <span class='ocrx_word' id='word_1_27' title='bbox 505 1028 610 1113; x_wconf 83' lang='lat' dir='ltr'>possit</span> <span class='ocrx_word' id='word_1_28' title='bbox 637 1026 717 1113; x_wconf 91' lang='lat' dir='ltr'>quid</span> <span class='ocrx_word' id='word_1_29' title='bbox 737 1030 773 1092; x_wconf 91' lang='lat' dir='ltr'>in</span> <span class='ocrx_word' id='word_1_30' title='bbox 795 1048 832 1093; x_wconf 89' lang='lat' dir='ltr'>eo</span> <span class='ocrx_word' id='word_1_31' title='bbox 859 1038 992 1111; x_wconf 82' lang='lat' dir='ltr'>geratur</span> <span class='ocrx_word' id='word_1_32' title='bbox 1018 1029 1164 1115; x_wconf 83' lang='lat' dir='ltr'>aspicere</span> <span class='ocrx_word' id='word_1_33' title='bbox 1190 1051 1251 1092; x_wconf 90' lang='lat' dir='ltr'>nec</span> <span class='ocrx_word' id='word_1_34' title='bbox 1276 1030 1376 1111; x_wconf 90' lang='lat' dir='ltr'>scire,</span> <span class='ocrx_word' id='word_1_35' title='bbox 1403 1039 1440 1093; x_wconf 92' lang='lat' dir='ltr'>ut</span> <span class='ocrx_word' id='word_1_36' title='bbox 1467 1051 1526 1092; x_wconf 86' lang='lat' dir='ltr'>rex</span> 
     </span>
     <span class='ocr_line' id='line_1_5' title="bbox 383 1126 1527 1214; baseline 0.004 -24"><span class='ocrx_word' id='word_1_37' title='bbox 383 1129 455 1213; x_wconf 92' lang='lat' dir='ltr'>ipse</span> <span class='ocrx_word' id='word_1_38' title='bbox 483 1126 524 1191; x_wconf 94' lang='lat' dir='ltr'>de</span> <span class='ocrx_word' id='word_1_39' title='bbox 551 1150 609 1191; x_wconf 90' lang='lat' dir='ltr'>sua</span> <span class='ocrx_word' id='word_1_40' title='bbox 637 1127 732 1192; x_wconf 88' lang='lat' dir='ltr'>domo</span> <span class='ocrx_word' id='word_1_41' title='bbox 759 1128 937 1214; x_wconf 80' lang='lat' dir='ltr'>remigibus</span> <span class='ocrx_word' id='word_1_42' title='bbox 965 1139 998 1193; x_wconf 91' lang='lat' dir='ltr'>et</span> <span class='ocrx_word' id='word_1_43' title='bbox 1023 1129 1183 1193; x_wconf 77' lang='lat' dir='ltr'><strong>militibus</strong></span> <span class='ocrx_word' id='word_1_44' title='bbox 1211 1130 1281 1194; x_wconf 92' lang='lat' dir='ltr'>sine</span> <span class='ocrx_word' id='word_1_45' title='bbox 1307 1128 1373 1194; x_wconf 92' lang='lat' dir='ltr'>ullo</span> <span class='ocrx_word' id='word_1_46' title='bbox 1403 1132 1527 1195; x_wconf 79' lang='lat' dir='ltr'><strong>sciente</strong></span> 
     </span>
     <span class='ocr_line' id='line_1_6' title="bbox 332 1228 1559 1317; baseline 0.001 -23"><span class='ocrx_word' id='word_1_47' title='bbox 332 1247 364 1295; x_wconf 84' lang='lat'>14</span> <span class='ocrx_word' id='word_1_48' title='bbox 383 1251 467 1314; x_wconf 90' lang='lat' dir='ltr'>quae</span> <span class='ocrx_word' id='word_1_49' title='bbox 495 1251 575 1316; x_wconf 89' lang='lat' dir='ltr'>opus</span> <span class='ocrx_word' id='word_1_50' title='bbox 604 1239 712 1293; x_wconf 83' lang='lat' dir='ltr'>essent</span> <span class='ocrx_word' id='word_1_51' title='bbox 744 1232 929 1317; x_wconf 86' lang='lat' dir='ltr'>imperaret.</span> <span class='ocrx_word' id='word_1_52' title='bbox 980 1233 1090 1316; x_wconf 89' lang='lat' dir='ltr'>itaque</span> <span class='ocrx_word' id='word_1_53' title='bbox 1122 1228 1360 1317; x_wconf 85' lang='lat' dir='ltr'>postmortem</span> <span class='ocrx_word' id='word_1_54' title='bbox 1387 1230 1559 1297; x_wconf 74' lang='lat' dir='ltr'>Mausolis</span> 
     </span>
     <span class='ocr_line' id='line_1_7' title="bbox 382 1321 1527 1417; baseline 0.001 -23"><span class='ocrx_word' id='word_1_55' title='bbox 382 1321 562 1394; x_wconf 83' lang='lat' dir='ltr'>Artemisia</span> <span class='ocrx_word' id='word_1_56' title='bbox 583 1323 685 1396; x_wconf 85' lang='lat' dir='ltr'>uxore</span> <span class='ocrx_word' id='word_1_57' title='bbox 707 1333 776 1397; x_wconf 88' lang='lat' dir='ltr'>eius</span> <span class='ocrx_word' id='word_1_58' title='bbox 799 1340 957 1416; x_wconf 81' lang='lat' dir='ltr'>regnante</span> <span class='ocrx_word' id='word_1_59' title='bbox 978 1332 1101 1396; x_wconf 88' lang='lat' dir='ltr'>Rhodii</span> <span class='ocrx_word' id='word_1_60' title='bbox 1129 1332 1336 1417; x_wconf 76' lang='lat' dir='ltr'>indignantes</span> <span class='ocrx_word' id='word_1_61' title='bbox 1358 1331 1527 1396; x_wconf 91' lang='lat' dir='ltr'>mulierem</span> 
     </span>
     <span class='ocr_line' id='line_1_8' title="bbox 382 1433 1528 1519; baseline 0.003 -25"><span class='ocrx_word' id='word_1_62' title='bbox 382 1433 542 1518; x_wconf 90' lang='lat' dir='ltr'>imperare</span> <span class='ocrx_word' id='word_1_63' title='bbox 564 1433 755 1497; x_wconf 89' lang='lat' dir='ltr'>civitatibus</span> <span class='ocrx_word' id='word_1_64' title='bbox 771 1433 887 1498; x_wconf 85' lang='lat' dir='ltr'>Cariae</span> <span class='ocrx_word' id='word_1_65' title='bbox 906 1434 1018 1516; x_wconf 88' lang='lat' dir='ltr'>totius,</span> <span class='ocrx_word' id='word_1_66' title='bbox 1041 1436 1165 1497; x_wconf 85' lang='lat' dir='ltr'>armata</span> <span class='ocrx_word' id='word_1_67' title='bbox 1182 1433 1284 1497; x_wconf 88' lang='lat' dir='ltr'>classe</span> <span class='ocrx_word' id='word_1_68' title='bbox 1299 1434 1437 1519; x_wconf 88' lang='lat' dir='ltr'>profecti</span> <span class='ocrx_word' id='word_1_69' title='bbox 1452 1444 1528 1499; x_wconf 90' lang='lat' dir='ltr'>sunt</span> 
     </span>
     <span class='ocr_line' id='line_1_9' title="bbox 381 1533 1526 1621; baseline 0.002 -24"><span class='ocrx_word' id='word_1_70' title='bbox 381 1535 431 1598; x_wconf 88' lang='lat' dir='ltr'>uti</span> <span class='ocrx_word' id='word_1_71' title='bbox 459 1533 494 1597; x_wconf 92' lang='lat' dir='ltr'>id</span> <span class='ocrx_word' id='word_1_72' title='bbox 522 1555 660 1618; x_wconf 86' lang='lat' dir='ltr'>regnum</span> <span class='ocrx_word' id='word_1_73' title='bbox 694 1544 899 1621; x_wconf 80' lang='lat' dir='ltr'>occuparent.</span> <span class='ocrx_word' id='word_1_74' title='bbox 949 1545 1018 1599; x_wconf 93' lang='lat' dir='ltr'>tum</span> <span class='ocrx_word' id='word_1_75' title='bbox 1047 1535 1245 1599; x_wconf 84' lang='lat' dir='ltr'>Artemisiae</span> <span class='ocrx_word' id='word_1_76' title='bbox 1258 1570 1265 1579; x_wconf 49' lang='lat'><strong><em>‘</em></strong></span> <span class='ocrx_word' id='word_1_77' title='bbox 1278 1557 1352 1599; x_wconf 93' lang='lat' dir='ltr'>cum</span> <span class='ocrx_word' id='word_1_78' title='bbox 1379 1545 1465 1600; x_wconf 90' lang='lat' dir='ltr'>esset</span> <span class='ocrx_word' id='word_1_79' title='bbox 1491 1535 1526 1599; x_wconf 91' lang='lat' dir='ltr'>id</span> 
     </span>
     <span class='ocr_line' id='line_1_10' title="bbox 381 1635 1526 1723; baseline 0.003 -26"><span class='ocrx_word' id='word_1_80' title='bbox 381 1635 614 1717; x_wconf 90' lang='lat' dir='ltr'>renuntiatum,</span> <span class='ocrx_word' id='word_1_81' title='bbox 638 1636 672 1698; x_wconf 92' lang='lat' dir='ltr'>in</span> <span class='ocrx_word' id='word_1_82' title='bbox 694 1657 731 1700; x_wconf 93' lang='lat' dir='ltr'>eo</span> <span class='ocrx_word' id='word_1_83' title='bbox 752 1646 848 1723; x_wconf 92' lang='lat' dir='ltr'>portu</span> <span class='ocrx_word' id='word_1_84' title='bbox 868 1636 1051 1700; x_wconf 89' lang='lat' dir='ltr'>abstrusam</span> <span class='ocrx_word' id='word_1_85' title='bbox 1067 1636 1202 1700; x_wconf 82' lang='lat' dir='ltr'>classem</span> <span class='ocrx_word' id='word_1_86' title='bbox 1218 1636 1331 1700; x_wconf 92' lang='lat' dir='ltr'>celatis</span> <span class='ocrx_word' id='word_1_87' title='bbox 1347 1637 1526 1722; x_wconf 88' lang='lat' dir='ltr'>remigibus</span> 
     </span>
     <span class='ocr_line' id='line_1_11' title="bbox 382 1736 1577 1823; baseline 0.001 -24"><span class='ocrx_word' id='word_1_88' title='bbox 382 1745 415 1800; x_wconf 90' lang='lat' dir='ltr'>et</span> <span class='ocrx_word' id='word_1_89' title='bbox 443 1737 583 1823; x_wconf 84' lang='lat' dir='ltr'>epibatis</span> <span class='ocrx_word' id='word_1_90' title='bbox 608 1739 825 1823; x_wconf 86' lang='lat' dir='ltr'>comparatis,</span> <span class='ocrx_word' id='word_1_91' title='bbox 852 1736 995 1823; x_wconf 91' lang='lat' dir='ltr'>reliquos</span> <span class='ocrx_word' id='word_1_92' title='bbox 1022 1748 1132 1803; x_wconf 89' lang='lat' dir='ltr'>autem</span> <span class='ocrx_word' id='word_1_93' title='bbox 1160 1740 1248 1802; x_wconf 89' lang='lat' dir='ltr'>cives</span> <span class='ocrx_word' id='word_1_94' title='bbox 1278 1739 1313 1801; x_wconf 91' lang='lat' dir='ltr'>iu</span> <span class='ocrx_word' id='word_1_95' title='bbox 1341 1761 1432 1803; x_wconf 90' lang='lat' dir='ltr'>muro</span> <span class='ocrx_word' id='word_1_96' title='bbox 1455 1748 1577 1802; x_wconf 87' lang='lat' dir='ltr'>esse10</span> 
     </span>
     <span class='ocr_line' id='line_1_12' title="bbox 381 1838 1526 1926; baseline 0.001 -25"><span class='ocrx_word' id='word_1_97' title='bbox 381 1840 488 1902; x_wconf 90' lang='lat' dir='ltr'>iussit.</span> <span class='ocrx_word' id='word_1_98' title='bbox 533 1846 607 1903; x_wconf 88' lang='lat' dir='ltr'>&#39;cum</span> <span class='ocrx_word' id='word_1_99' title='bbox 628 1848 737 1903; x_wconf 89' lang='lat' dir='ltr'>autem</span> <span class='ocrx_word' id='word_1_100' title='bbox 758 1838 881 1902; x_wconf 89' lang='lat' dir='ltr'>Rhodii</span> <span class='ocrx_word' id='word_1_101' title='bbox 902 1851 1017 1904; x_wconf 88' lang='lat' dir='ltr'>ornata</span> <span class='ocrx_word' id='word_1_102' title='bbox 1038 1839 1141 1904; x_wconf 88' lang='lat' dir='ltr'>classe</span> <span class='ocrx_word' id='word_1_103' title='bbox 1162 1841 1197 1903; x_wconf 92' lang='lat' dir='ltr'>in</span> <span class='ocrx_word' id='word_1_104' title='bbox 1218 1848 1348 1926; x_wconf 90' lang='lat' dir='ltr'>portum</span> <span class='ocrx_word' id='word_1_105' title='bbox 1370 1842 1526 1904; x_wconf 90' lang='lat' dir='ltr'>maiorem</span> 
     </span>
     <span class='ocr_line' id='line_1_13' title="bbox 382 1937 1526 2027; baseline 0 -24"><span class='ocrx_word' id='word_1_106' title='bbox 382 1942 629 2027; x_wconf 79' lang='lat' dir='ltr'>exposuissent,</span> <span class='ocrx_word' id='word_1_107' title='bbox 657 1937 808 2024; x_wconf 88' lang='lat' dir='ltr'>plausum</span> <span class='ocrx_word' id='word_1_108' title='bbox 835 1941 931 2006; x_wconf 91' lang='lat' dir='ltr'>iussit</span> <span class='ocrx_word' id='word_1_109' title='bbox 958 1941 1001 2005; x_wconf 88' lang='lat' dir='ltr'>ab</span> <span class='ocrx_word' id='word_1_110' title='bbox 1022 1964 1115 2006; x_wconf 92' lang='lat' dir='ltr'>muro</span> <span class='ocrx_word' id='word_1_111' title='bbox 1137 1942 1189 2005; x_wconf 89' lang='lat' dir='ltr'>his</span> <span class='ocrx_word' id='word_1_112' title='bbox 1212 1942 1290 2005; x_wconf 89' lang='lat' dir='ltr'>dare</span> <span class='ocrx_word' id='word_1_113' title='bbox 1311 1938 1526 2027; x_wconf 87' lang='lat' dir='ltr'>pollicerique</span> 
     </span>
     <span class='ocr_line' id='line_1_14' title="bbox 381 2041 1526 2130; baseline 0.003 -26"><span class='ocrx_word' id='word_1_114' title='bbox 381 2063 416 2104; x_wconf 90' lang='lat' dir='ltr'>se</span> <span class='ocrx_word' id='word_1_115' title='bbox 438 2041 596 2128; x_wconf 92' lang='lat' dir='ltr'>oppidum</span> <span class='ocrx_word' id='word_1_116' title='bbox 617 2041 806 2107; x_wconf 89' lang='lat' dir='ltr'>tradituros.</span> <span class='ocrx_word' id='word_1_117' title='bbox 851 2043 1000 2129; x_wconf 91' lang='lat' dir='ltr'>quicum</span> <span class='ocrx_word' id='word_1_118' title='bbox 1021 2044 1283 2130; x_wconf 85' lang='lat' dir='ltr'>penetravissent</span> <span class='ocrx_word' id='word_1_119' title='bbox 1297 2044 1383 2107; x_wconf 90' lang='lat' dir='ltr'>intra</span> <span class='ocrx_word' id='word_1_120' title='bbox 1398 2064 1526 2107; x_wconf 91' lang='lat' dir='ltr'>murum</span> 
     </span>
     <span class='ocr_line' id='line_1_15' title="bbox 379 2141 1526 2231; baseline 0.001 -25"><span class='ocrx_word' id='word_1_121' title='bbox 379 2141 504 2207; x_wconf 89' lang='lat' dir='ltr'>relictis</span> <span class='ocrx_word' id='word_1_122' title='bbox 532 2142 674 2207; x_wconf 86' lang='lat' dir='ltr'>navibus</span> <span class='ocrx_word' id='word_1_123' title='bbox 700 2142 868 2227; x_wconf 88' lang='lat' dir='ltr'>inanibus,</span> <span class='ocrx_word' id='word_1_124' title='bbox 896 2146 1075 2210; x_wconf 89' lang='lat' dir='ltr'>Artemisia</span> <span class='ocrx_word' id='word_1_125' title='bbox 1103 2154 1237 2231; x_wconf 90' lang='lat' dir='ltr'>repente</span> <span class='ocrx_word' id='word_1_126' title='bbox 1265 2144 1354 2208; x_wconf 84' lang='lat' dir='ltr'>fossa</span> <span class='ocrx_word' id='word_1_127' title='bbox 1382 2142 1469 2208; x_wconf 86' lang='lat' dir='ltr'>facta</span> <span class='ocrx_word' id='word_1_128' title='bbox 1490 2144 1526 2207; x_wconf 90' lang='lat' dir='ltr'>in</span> 
     </span>
     <span class='ocr_line' id='line_1_16' title="bbox 380 2241 1576 2332; baseline 0.001 -25"><span class='ocrx_word' id='word_1_129' title='bbox 380 2243 515 2331; x_wconf 89' lang='lat' dir='ltr'>pelagus</span> <span class='ocrx_word' id='word_1_130' title='bbox 545 2244 660 2309; x_wconf 84' lang='lat' dir='ltr'>eduxit</span> <span class='ocrx_word' id='word_1_131' title='bbox 688 2243 826 2310; x_wconf 86' lang='lat' dir='ltr'>classem</span> <span class='ocrx_word' id='word_1_132' title='bbox 853 2268 895 2309; x_wconf 88' lang='lat' dir='ltr'>ex</span> <span class='ocrx_word' id='word_1_133' title='bbox 922 2256 1018 2332; x_wconf 88' lang='lat' dir='ltr'>portu</span> <span class='ocrx_word' id='word_1_134' title='bbox 1046 2247 1172 2310; x_wconf 90' lang='lat' dir='ltr'>minore</span> <span class='ocrx_word' id='word_1_135' title='bbox 1200 2255 1232 2309; x_wconf 93' lang='lat' dir='ltr'>et</span> <span class='ocrx_word' id='word_1_136' title='bbox 1251 2241 1300 2309; x_wconf 87' lang='lat' dir='ltr'>ita</span> <span class='ocrx_word' id='word_1_137' title='bbox 1321 2247 1454 2308; x_wconf 87' lang='lat' dir='ltr'>invecta</span> <span class='ocrx_word' id='word_1_138' title='bbox 1476 2253 1526 2308; x_wconf 91' lang='lat' dir='ltr'>est</span> <span class='ocrx_word' id='word_1_139' title='bbox 1544 2255 1576 2303; x_wconf 81' lang='lat'>15</span> 
     </span>
     <span class='ocr_line' id='line_1_17' title="bbox 379 2344 1524 2434; baseline -0.001 -24"><span class='ocrx_word' id='word_1_140' title='bbox 379 2348 414 2410; x_wconf 90' lang='lat' dir='ltr'>in</span> <span class='ocrx_word' id='word_1_141' title='bbox 442 2348 608 2412; x_wconf 90' lang='lat' dir='ltr'>maiorem.</span> <span class='ocrx_word' id='word_1_142' title='bbox 653 2349 811 2434; x_wconf 89' lang='lat' dir='ltr'>expositis</span> <span class='ocrx_word' id='word_1_143' title='bbox 839 2358 948 2411; x_wconf 90' lang='lat' dir='ltr'>autern</span> <span class='ocrx_word' id='word_1_144' title='bbox 975 2347 1134 2411; x_wconf 92' lang='lat' dir='ltr'>militibus</span> <span class='ocrx_word' id='word_1_145' title='bbox 1162 2344 1300 2410; x_wconf 87' lang='lat' dir='ltr'>classem</span> <span class='ocrx_word' id='word_1_146' title='bbox 1321 2346 1524 2410; x_wconf 89' lang='lat' dir='ltr'>Rhodiorum</span> 
     </span>
     <span class='ocr_line' id='line_1_18' title="bbox 379 2445 1525 2533; baseline -0.003 -21"><span class='ocrx_word' id='word_1_147' title='bbox 379 2451 509 2512; x_wconf 89' lang='lat' dir='ltr'>inanem</span> <span class='ocrx_word' id='word_1_148' title='bbox 530 2448 670 2512; x_wconf 82' lang='lat' dir='ltr'>abduxit</span> <span class='ocrx_word' id='word_1_149' title='bbox 697 2449 731 2511; x_wconf 92' lang='lat' dir='ltr'>in</span> <span class='ocrx_word' id='word_1_150' title='bbox 753 2447 865 2512; x_wconf 92' lang='lat' dir='ltr'>altum.</span> <span class='ocrx_word' id='word_1_151' title='bbox 908 2450 957 2513; x_wconf 89' lang='lat' dir='ltr'>ita</span> <span class='ocrx_word' id='word_1_152' title='bbox 977 2448 1100 2513; x_wconf 89' lang='lat' dir='ltr'>Rhodii</span> <span class='ocrx_word' id='word_1_153' title='bbox 1126 2470 1191 2512; x_wconf 91' lang='lat' dir='ltr'>non</span> <span class='ocrx_word' id='word_1_154' title='bbox 1218 2445 1376 2511; x_wconf 90' lang='lat' dir='ltr'>habentes</span> <span class='ocrx_word' id='word_1_155' title='bbox 1404 2469 1467 2533; x_wconf 91' lang='lat' dir='ltr'>quo</span> <span class='ocrx_word' id='word_1_156' title='bbox 1490 2469 1525 2511; x_wconf 91' lang='lat' dir='ltr'>se</span> 
     </span>
     <span class='ocr_line' id='line_1_19' title="bbox 330 2548 1525 2637; baseline 0.001 -27"><span class='ocrx_word' id='word_1_157' title='bbox 330 2564 362 2611; x_wconf 86' lang='lat'>15</span> <span class='ocrx_word' id='word_1_158' title='bbox 380 2550 572 2637; x_wconf 81' lang='lat' dir='ltr'>reciperent,</span> <span class='ocrx_word' id='word_1_159' title='bbox 596 2552 632 2613; x_wconf 90' lang='lat' dir='ltr'>in</span> <span class='ocrx_word' id='word_1_160' title='bbox 651 2551 760 2614; x_wconf 92' lang='lat' dir='ltr'>medio</span> <span class='ocrx_word' id='word_1_161' title='bbox 783 2548 927 2615; x_wconf 90' lang='lat' dir='ltr'>conclusi</span> <span class='ocrx_word' id='word_1_162' title='bbox 949 2552 984 2615; x_wconf 91' lang='lat' dir='ltr'>in</span> <span class='ocrx_word' id='word_1_163' title='bbox 1005 2551 1078 2637; x_wconf 90' lang='lat' dir='ltr'>ipso</span> <span class='ocrx_word' id='word_1_164' title='bbox 1099 2548 1170 2613; x_wconf 90' lang='lat' dir='ltr'>foro</span> <span class='ocrx_word' id='word_1_165' title='bbox 1186 2557 1261 2613; x_wconf 90' lang='lat' dir='ltr'>sunt</span> <span class='ocrx_word' id='word_1_166' title='bbox 1275 2548 1441 2614; x_wconf 90' lang='lat' dir='ltr'>trucidati.</span> <span class='ocrx_word' id='word_1_167' title='bbox 1477 2550 1525 2612; x_wconf 80' lang='lat' dir='ltr'>ita</span> 
     </span>
     <span class='ocr_line' id='line_1_20' title="bbox 379 2650 1524 2733; baseline -0.003 -18"><span class='ocrx_word' id='word_1_168' title='bbox 379 2651 557 2716; x_wconf 87' lang='lat' dir='ltr'>Artemisia</span> <span class='ocrx_word' id='word_1_169' title='bbox 578 2654 613 2716; x_wconf 92' lang='lat' dir='ltr'>in</span> <span class='ocrx_word' id='word_1_170' title='bbox 634 2650 775 2716; x_wconf 87' lang='lat' dir='ltr'>navibus</span> <span class='ocrx_word' id='word_1_171' title='bbox 796 2651 999 2717; x_wconf 88' lang='lat' dir='ltr'>Rhodiorum</span> <span class='ocrx_word' id='word_1_172' title='bbox 1021 2653 1088 2717; x_wconf 89' lang='lat' dir='ltr'>suis</span> <span class='ocrx_word' id='word_1_173' title='bbox 1110 2650 1269 2715; x_wconf 89' lang='lat' dir='ltr'>militibus</span> <span class='ocrx_word' id='word_1_174' title='bbox 1293 2659 1325 2714; x_wconf 90' lang='lat' dir='ltr'>et</span> <span class='ocrx_word' id='word_1_175' title='bbox 1345 2650 1524 2733; x_wconf 87' lang='lat' dir='ltr'>remigibus</span> 
     </span>
     <span class='ocr_line' id='line_1_21' title="bbox 378 2752 1576 2842; baseline -0.002 -24"><span class='ocrx_word' id='word_1_176' title='bbox 378 2754 531 2840; x_wconf 90' lang='lat' dir='ltr'>inpositis</span> <span class='ocrx_word' id='word_1_177' title='bbox 546 2753 699 2818; x_wconf 87' lang='lat' dir='ltr'>Rhodum</span> <span class='ocrx_word' id='word_1_178' title='bbox 715 2763 764 2818; x_wconf 89' lang='lat' dir='ltr'>est</span> <span class='ocrx_word' id='word_1_179' title='bbox 778 2753 934 2842; x_wconf 88' lang='lat' dir='ltr'>profecta.</span> <span class='ocrx_word' id='word_1_180' title='bbox 971 2752 1095 2820; x_wconf 91' lang='lat' dir='ltr'>Rhodii</span> <span class='ocrx_word' id='word_1_181' title='bbox 1116 2763 1225 2819; x_wconf 89' lang='lat' dir='ltr'>autem</span> <span class='ocrx_word' id='word_1_182' title='bbox 1247 2775 1319 2817; x_wconf 88' lang='lat' dir='ltr'>cum</span> <span class='ocrx_word' id='word_1_183' title='bbox 1336 2752 1523 2840; x_wconf 86' lang='lat' dir='ltr'>prospexis-</span> <span class='ocrx_word' id='word_1_184' title='bbox 1542 2761 1576 2811; x_wconf 80' lang='lat'>20</span> 
     </span>
    </p>
   </div>
   <div class='ocr_carea' id='block_1_3' title="bbox 378 2854 1572 3350">
    <p class='ocr_par' dir='ltr' id='par_1_3' title="bbox 378 2854 1572 3350">
     <span class='ocr_line' id='line_1_22' title="bbox 380 2854 1522 2944; baseline -0.002 -24"><span class='ocrx_word' id='word_1_185' title='bbox 380 2866 452 2920; x_wconf 88' lang='lat' dir='ltr'>sent</span> <span class='ocrx_word' id='word_1_186' title='bbox 480 2877 555 2919; x_wconf 89' lang='lat' dir='ltr'>suas</span> <span class='ocrx_word' id='word_1_187' title='bbox 582 2878 685 2920; x_wconf 87' lang='lat' dir='ltr'>naves</span> <span class='ocrx_word' id='word_1_188' title='bbox 714 2854 874 2922; x_wconf 88' lang='lat' dir='ltr'>laureatas</span> <span class='ocrx_word' id='word_1_189' title='bbox 904 2857 1034 2940; x_wconf 87' lang='lat' dir='ltr'>venire,</span> <span class='ocrx_word' id='word_1_190' title='bbox 1063 2857 1234 2944; x_wconf 88' lang='lat' dir='ltr'>opinantes</span> <span class='ocrx_word' id='word_1_191' title='bbox 1264 2856 1352 2920; x_wconf 87' lang='lat' dir='ltr'>cives</span> <span class='ocrx_word' id='word_1_192' title='bbox 1380 2856 1522 2920; x_wconf 85' lang='lat' dir='ltr'>victores</span> 
     </span>
     <span class='ocr_line' id='line_1_23' title="bbox 379 2957 1521 3045; baseline -0.001 -24"><span class='ocrx_word' id='word_1_193' title='bbox 379 2959 502 3021; x_wconf 89' lang='lat' dir='ltr'>reverti</span> <span class='ocrx_word' id='word_1_194' title='bbox 523 2959 632 3023; x_wconf 90' lang='lat' dir='ltr'>hostes</span> <span class='ocrx_word' id='word_1_195' title='bbox 654 2968 857 3045; x_wconf 90' lang='lat' dir='ltr'>receperunt.</span> <span class='ocrx_word' id='word_1_196' title='bbox 894 2969 964 3025; x_wconf 89' lang='lat' dir='ltr'>tum</span> <span class='ocrx_word' id='word_1_197' title='bbox 980 2959 1160 3024; x_wconf 84' lang='lat' dir='ltr'>Artemisia</span> <span class='ocrx_word' id='word_1_198' title='bbox 1181 2957 1297 3023; x_wconf 88' lang='lat' dir='ltr'>Rhodo</span> <span class='ocrx_word' id='word_1_199' title='bbox 1318 2965 1413 3044; x_wconf 90' lang='lat' dir='ltr'>capta</span> <span class='ocrx_word' id='word_1_200' title='bbox 1434 2958 1521 3043; x_wconf 88' lang='lat' dir='ltr'>prin·</span> 
     </span>
     <span class='ocr_line' id='line_1_24' title="bbox 379 3059 1523 3148; baseline -0.001 -26"><span class='ocrx_word' id='word_1_201' title='bbox 379 3059 508 3146; x_wconf 91' lang='lat' dir='ltr'>cipibus</span> <span class='ocrx_word' id='word_1_202' title='bbox 531 3062 648 3125; x_wconf 90' lang='lat' dir='ltr'>occisis</span> <span class='ocrx_word' id='word_1_203' title='bbox 676 3070 844 3148; x_wconf 90' lang='lat' dir='ltr'>tropaeum</span> <span class='ocrx_word' id='word_1_204' title='bbox 872 3061 908 3124; x_wconf 90' lang='lat' dir='ltr'>in</span> <span class='ocrx_word' id='word_1_205' title='bbox 929 3060 1011 3125; x_wconf 91' lang='lat' dir='ltr'>urbe</span> <span class='ocrx_word' id='word_1_206' title='bbox 1032 3060 1149 3125; x_wconf 91' lang='lat' dir='ltr'>Rhodo</span> <span class='ocrx_word' id='word_1_207' title='bbox 1172 3081 1249 3124; x_wconf 91' lang='lat' dir='ltr'>suae</span> <span class='ocrx_word' id='word_1_208' title='bbox 1271 3061 1429 3124; x_wconf 86' lang='lat' dir='ltr'>victoriae</span> <span class='ocrx_word' id='word_1_209' title='bbox 1451 3080 1523 3124; x_wconf 90' lang='lat' dir='ltr'>eon·</span> 
     </span>
     <span class='ocr_line' id='line_1_25' title="bbox 379 3160 1521 3250; baseline -0.003 -25"><span class='ocrx_word' id='word_1_210' title='bbox 379 3163 486 3225; x_wconf 89' lang='lat' dir='ltr'>stituit</span> <span class='ocrx_word' id='word_1_211' title='bbox 508 3184 690 3250; x_wconf 88' lang='lat' dir='ltr'>aeneasque</span> <span class='ocrx_word' id='word_1_212' title='bbox 712 3163 793 3228; x_wconf 92' lang='lat' dir='ltr'>duas</span> <span class='ocrx_word' id='word_1_213' title='bbox 816 3172 940 3228; x_wconf 89' lang='lat' dir='ltr'>statuas</span> <span class='ocrx_word' id='word_1_214' title='bbox 963 3163 1043 3227; x_wconf 82' lang='lat' dir='ltr'>fecit</span> <span class='ocrx_word' id='word_1_215' title='bbox 1063 3184 1162 3226; x_wconf 91' lang='lat' dir='ltr'>unam</span> <span class='ocrx_word' id='word_1_216' title='bbox 1183 3160 1385 3225; x_wconf 91' lang='lat' dir='ltr'>Rhodiorum</span> <span class='ocrx_word' id='word_1_217' title='bbox 1401 3161 1521 3223; x_wconf 61' lang='lat' dir='ltr'>‹civita-</span> 
     </span>
     <span class='ocr_line' id='line_1_26' title="bbox 378 3261 1572 3350; baseline -0.005 -24"><span class='ocrx_word' id='word_1_218' title='bbox 378 3265 420 3327; x_wconf 91' lang='lat' dir='ltr'>tis</span> <span class='ocrx_word' id='word_1_219' title='bbox 453 3263 589 3328; x_wconf 89' lang='lat' dir='ltr'>alteram</span> <span class='ocrx_word' id='word_1_220' title='bbox 625 3286 703 3329; x_wconf 91' lang='lat' dir='ltr'>suae</span> <span class='ocrx_word' id='word_1_221' title='bbox 737 3266 907 3350; x_wconf 78' lang='lat' dir='ltr'>imaginis,</span> <span class='ocrx_word' id='word_1_222' title='bbox 944 3274 977 3328; x_wconf 90' lang='lat' dir='ltr'>et</span> <span class='ocrx_word' id='word_1_223' title='bbox 1009 3265 1107 3329; x_wconf 83' lang='lat' dir='ltr'>istam</span> <span class='ocrx_word' id='word_1_224' title='bbox 1137 3264 1294 3348; x_wconf 84' lang='lat' dir='ltr'>figuravit</span> <span class='ocrx_word' id='word_1_225' title='bbox 1319 3261 1522 3325; x_wconf 88' lang='lat' dir='ltr'>Rhodiorum</span> <span class='ocrx_word' id='word_1_226' title='bbox 1538 3273 1572 3321; x_wconf 76' lang='lat'>25</span> 
     </span>
    </p>
   </div>
   <div class='ocr_carea' id='block_1_4' title="bbox 327 3533 1523 4772">
    <p class='ocr_par' dir='ltr' id='par_1_4' title="bbox 327 3533 1523 4772">
     <span class='ocr_line' id='line_1_27' title="bbox 447 3533 1519 3606; baseline -0.002 -18"><span class='ocrx_word' id='word_1_227' title='bbox 447 3543 461 3588; x_wconf 94' lang='lat'>1</span> <span class='ocrx_word' id='word_1_228' title='bbox 480 3545 575 3604; x_wconf 88' lang='lat' dir='ltr'>portus</span> <span class='ocrx_word' id='word_1_229' title='bbox 593 3541 635 3587; x_wconf 76' lang='lat' dir='ltr'>Hc</span> <span class='ocrx_word' id='word_1_230' title='bbox 653 3537 737 3605; x_wconf 83' lang='lat' dir='ltr'>(Llc):</span> <span class='ocrx_word' id='word_1_231' title='bbox 756 3545 864 3605; x_wconf 91' lang='lat' dir='ltr'>portum</span> <span class='ocrx_word' id='word_1_232' title='bbox 884 3540 905 3590; x_wconf 92' lang='grc'>6</span> <span class='ocrx_word' id='word_1_233' title='bbox 922 3547 948 3590; x_wconf 84' lang='lat' dir='ltr'>et</span> <span class='ocrx_word' id='word_1_234' title='bbox 965 3546 1025 3589; x_wconf 80' lang='lat' dir='ltr'>ante</span> <span class='ocrx_word' id='word_1_235' title='bbox 1043 3557 1111 3591; x_wconf 87' lang='lat' dir='ltr'>cerr.</span> <span class='ocrx_word' id='word_1_236' title='bbox 1129 3540 1166 3593; x_wconf 85' lang='lat' dir='ltr'>H.</span> <span class='ocrx_word' id='word_1_237' title='bbox 1187 3537 1200 3606; x_wconf 94' lang='grc' dir='ltr'>ΙΙ</span> <span class='ocrx_word' id='word_1_238' title='bbox 1220 3542 1236 3590; x_wconf 78' lang='lat'>‘2</span> <span class='ocrx_word' id='word_1_239' title='bbox 1254 3543 1392 3590; x_wconf 86' lang='lat' dir='ltr'>secretus:</span> <span class='ocrx_word' id='word_1_240' title='bbox 1411 3533 1519 3587; x_wconf 66' lang='lat' dir='ltr'>ebrinus</span> 
     </span>
     <span class='ocr_line' id='line_1_28' title="bbox 378 3620 1521 3690; baseline 0 -19"><span class='ocrx_word' id='word_1_241' title='bbox 378 3624 416 3674; x_wconf 88' lang='lat' dir='ltr'>H.</span> <span class='ocrx_word' id='word_1_242' title='bbox 440 3620 451 3690; x_wconf 99' lang='grc' dir='ltr'>Η</span> <span class='ocrx_word' id='word_1_243' title='bbox 474 3624 615 3674; x_wconf 89' lang='lat' dir='ltr'>moenibus</span> <span class='ocrx_word' id='word_1_244' title='bbox 636 3623 713 3686; x_wconf 83' lang='lat' dir='ltr'>(rec.)</span> <span class='ocrx_word' id='word_1_245' title='bbox 731 3625 797 3675; x_wconf 82' lang='lat' dir='ltr'>Roas</span> <span class='ocrx_word' id='word_1_246' title='bbox 820 3621 923 3687; x_wconf 78' lang='lat' dir='ltr'>(Reisen</span> <span class='ocrx_word' id='word_1_247' title='bbox 942 3625 958 3673; x_wconf 96' lang='lat' dir='ltr'><em>I</em></span> <span class='ocrx_word' id='word_1_248' title='bbox 963 3625 994 3684; x_wconf 90' lang='lat' dir='ltr'>V,</span> <span class='ocrx_word' id='word_1_249' title='bbox 1014 3628 1056 3674; x_wconf 77' lang='lat'>36.</span> <span class='ocrx_word' id='word_1_250' title='bbox 1074 3625 1109 3687; x_wconf 82' lang='lat' dir='ltr'>cs.</span> <span class='ocrx_word' id='word_1_251' title='bbox 1123 3625 1230 3674; x_wconf 84' lang='lat' dir='ltr'>Newton</span> <span class='ocrx_word' id='word_1_252' title='bbox 1247 3624 1400 3674; x_wconf 82' lang='lat' dir='ltr'>discoveries</span> <span class='ocrx_word' id='word_1_253' title='bbox 1417 3628 1445 3670; x_wconf 82' lang='lat' dir='ltr'>at</span> <span class='ocrx_word' id='word_1_254' title='bbox 1462 3622 1521 3671; x_wconf 82' lang='lat' dir='ltr'>Hu-</span> 
     </span>
     <span class='ocr_line' id='line_1_29' title="bbox 377 3694 1523 3774; baseline -0.003 -17"><span class='ocrx_word' id='word_1_255' title='bbox 377 3710 418 3757; x_wconf 84' lang='lat' dir='ltr'>lr&#39;c.</span> <span class='ocrx_word' id='word_1_256' title='bbox 439 3708 479 3767; x_wconf 89' lang='grc' dir='ltr'>ΙΙ,</span> <span class='ocrx_word' id='word_1_257' title='bbox 498 3708 574 3772; x_wconf 81' lang='grc'>267);</span> <span class='ocrx_word' id='word_1_258' title='bbox 594 3707 731 3773; x_wconf 83' lang='lat' dir='ltr'>montibus</span> <span class='ocrx_word' id='word_1_259' title='bbox 751 3709 810 3762; x_wconf 83' lang='lat' dir='ltr'>GH.</span> <span class='ocrx_word' id='word_1_260' title='bbox 832 3705 844 3774; x_wconf 97' lang='grc' dir='ltr'>Η</span> <span class='ocrx_word' id='word_1_261' title='bbox 868 3713 883 3759; x_wconf 89' lang='grc'><strong>3</strong></span> <span class='ocrx_word' id='word_1_262' title='bbox 901 3709 991 3774; x_wconf 90' lang='lat' dir='ltr'>possit</span> <span class='ocrx_word' id='word_1_263' title='bbox 1007 3710 1077 3759; x_wconf 74' lang='lat' dir='ltr'>doe:</span> <span class='ocrx_word' id='word_1_264' title='bbox 1101 3714 1196 3774; x_wconf 89' lang='lat' dir='ltr'>posset</span> <span class='ocrx_word' id='word_1_265' title='bbox 1216 3709 1274 3758; x_wconf 86' lang='lat' dir='ltr'>GH.</span> <span class='ocrx_word' id='word_1_266' title='bbox 1299 3694 1312 3772; x_wconf 95' lang='grc' dir='ltr'>Η</span> <span class='ocrx_word' id='word_1_267' title='bbox 1338 3710 1354 3757; x_wconf 78' lang='lat'><strong>5</strong></span> <span class='ocrx_word' id='word_1_268' title='bbox 1372 3708 1523 3771; x_wconf 86' lang='lat' dir='ltr'>imperaret</span> 
     </span>
     <span class='ocr_line' id='line_1_30' title="bbox 378 3786 1519 3859; baseline -0.001 -19"><span class='ocrx_word' id='word_1_269' title='bbox 378 3792 435 3841; x_wconf 81' lang='lat' dir='ltr'>Joc.</span> <span class='ocrx_word' id='word_1_270' title='bbox 455 3789 546 3855; x_wconf 82' lang='lat' dir='ltr'>(rec.):</span> <span class='ocrx_word' id='word_1_271' title='bbox 571 3793 711 3856; x_wconf 85' lang='lat' dir='ltr'>spirarent</span> <span class='ocrx_word' id='word_1_272' title='bbox 730 3793 781 3842; x_wconf 85' lang='lat' dir='ltr'>GH</span> <span class='ocrx_word' id='word_1_273' title='bbox 798 3790 869 3856; x_wconf 85' lang='lat' dir='ltr'>(Llc,</span> <span class='ocrx_word' id='word_1_274' title='bbox 889 3793 1007 3859; x_wconf 83' lang='lat' dir='ltr'>spiraret</span> <span class='ocrx_word' id='word_1_275' title='bbox 1026 3790 1118 3856; x_wconf 79' lang='lat' dir='ltr'>G0L0).</span> <span class='ocrx_word' id='word_1_276' title='bbox 1140 3788 1153 3859; x_wconf 94' lang='grc' dir='ltr'>Η</span> <span class='ocrx_word' id='word_1_277' title='bbox 1176 3791 1311 3842; x_wconf 85' lang='lat' dir='ltr'>manusoli</span> <span class='ocrx_word' id='word_1_278' title='bbox 1328 3792 1369 3841; x_wconf 82' lang='lat' dir='ltr'>lu&#39;c</span> <span class='ocrx_word' id='word_1_279' title='bbox 1385 3793 1454 3841; x_wconf 81' lang='lat' dir='ltr'>solus</span> <span class='ocrx_word' id='word_1_280' title='bbox 1470 3793 1487 3839; x_wconf 86' lang='lat'>1.</span> <span class='ocrx_word' id='word_1_281' title='bbox 1507 3786 1519 3854; x_wconf 94' lang='grc' dir='ltr'>Η</span> 
     </span>
     <span class='ocr_line' id='line_1_31' title="bbox 327 3870 1519 3942; baseline 0 -19"><span class='ocrx_word' id='word_1_282' title='bbox 327 3922 334 3930; x_wconf 65' lang='lat'>„</span> <span class='ocrx_word' id='word_1_283' title='bbox 378 3876 394 3922; x_wconf 84' lang='lat'>6</span> <span class='ocrx_word' id='word_1_284' title='bbox 412 3877 584 3924; x_wconf 84' lang='lat' dir='ltr'>artemisiam</span> <span class='ocrx_word' id='word_1_285' title='bbox 601 3879 685 3925; x_wconf 73' lang='lat' dir='ltr'>uxore</span> <span class='ocrx_word' id='word_1_286' title='bbox 703 3877 763 3926; x_wconf 90' lang='lat' dir='ltr'>eius</span> <span class='ocrx_word' id='word_1_287' title='bbox 781 3881 942 3942; x_wconf 87' lang='lat' dir='ltr'>regnantem</span> <span class='ocrx_word' id='word_1_288' title='bbox 960 3874 1033 3941; x_wconf 72' lang='lat' dir='ltr'>(-te</span> <span class='ocrx_word' id='word_1_289' title='bbox 1052 3874 1132 3940; x_wconf 82' lang='lat' dir='ltr'>GLlc)</span> <span class='ocrx_word' id='word_1_290' title='bbox 1147 3877 1199 3925; x_wconf 85' lang='lat' dir='ltr'>GH</span> <span class='ocrx_word' id='word_1_291' title='bbox 1217 3876 1295 3938; x_wconf 80' lang='lat' dir='ltr'>(corr.</span> <span class='ocrx_word' id='word_1_292' title='bbox 1315 3877 1355 3926; x_wconf 85' lang='lat' dir='ltr'>ed.</span> <span class='ocrx_word' id='word_1_293' title='bbox 1374 3882 1400 3924; x_wconf 81' lang='lat' dir='ltr'>et</span> <span class='ocrx_word' id='word_1_294' title='bbox 1416 3872 1491 3937; x_wconf 76' lang='lat' dir='ltr'>rea).</span> <span class='ocrx_word' id='word_1_295' title='bbox 1507 3870 1519 3937; x_wconf 94' lang='grc' dir='ltr'>Η</span> 
     </span>
     <span class='ocr_line' id='line_1_32' title="bbox 378 3958 1522 4028; baseline -0.003 -19"><span class='ocrx_word' id='word_1_296' title='bbox 378 3961 470 4009; x_wconf 80' lang='lat' dir='ltr'>Stum</span> <span class='ocrx_word' id='word_1_297' title='bbox 493 3960 524 4007; x_wconf 88' lang='lat' dir='ltr'><em>H</em></span> <span class='ocrx_word' id='word_1_298' title='bbox 545 3958 631 4024; x_wconf 79' lang='lat' dir='ltr'>(Lle):</span> <span class='ocrx_word' id='word_1_299' title='bbox 659 3962 725 4008; x_wconf 87' lang='lat' dir='ltr'>tunc</span> <span class='ocrx_word' id='word_1_300' title='bbox 748 3961 777 4013; x_wconf 88' lang='grc'>6.</span> <span class='ocrx_word' id='word_1_301' title='bbox 801 3958 813 4028; x_wconf 97' lang='grc' dir='ltr'>Η</span> <span class='ocrx_word' id='word_1_302' title='bbox 835 3965 851 4011; x_wconf 87' lang='grc'><strong>9</strong></span> <span class='ocrx_word' id='word_1_303' title='bbox 874 3965 955 4026; x_wconf 87' lang='lat' dir='ltr'>portu</span> <span class='ocrx_word' id='word_1_304' title='bbox 974 3962 1025 4011; x_wconf 84' lang='lat' dir='ltr'>GH</span> <span class='ocrx_word' id='word_1_305' title='bbox 1043 3959 1122 4024; x_wconf 77' lang='lat' dir='ltr'>(de,</span> <span class='ocrx_word' id='word_1_306' title='bbox 1140 3961 1220 4024; x_wconf 75' lang='lat' dir='ltr'>portis</span> <span class='ocrx_word' id='word_1_307' title='bbox 1239 3963 1258 4019; x_wconf 87' lang='lat' dir='ltr'>l,</span> <span class='ocrx_word' id='word_1_308' title='bbox 1284 3960 1363 4023; x_wconf 71' lang='lat' dir='ltr'>porti</span> <span class='ocrx_word' id='word_1_309' title='bbox 1382 3975 1398 4015; x_wconf 49' lang='lat' dir='ltr'>,c</span> <span class='ocrx_word' id='word_1_310' title='bbox 1419 3963 1522 4007; x_wconf 77' lang='lat' dir='ltr'>etanta</span> 
     </span>
     <span class='ocr_line' id='line_1_33' title="bbox 377 4040 1522 4110; baseline -0.005 -16"><span class='ocrx_word' id='word_1_311' title='bbox 377 4061 446 4096; x_wconf 87' lang='lat' dir='ltr'>cerr.</span> <span class='ocrx_word' id='word_1_312' title='bbox 465 4045 502 4105; x_wconf 80' lang='lat' dir='ltr'>t).</span> <span class='ocrx_word' id='word_1_313' title='bbox 526 4040 538 4109; x_wconf 97' lang='grc' dir='ltr'>Η</span> <span class='ocrx_word' id='word_1_314' title='bbox 563 4045 594 4093; x_wconf 93' lang='grc'>10</span> <span class='ocrx_word' id='word_1_315' title='bbox 612 4043 730 4107; x_wconf 87' lang='lat' dir='ltr'>epipatis</span> <span class='ocrx_word' id='word_1_316' title='bbox 750 4044 779 4094; x_wconf 88' lang='grc'>6.</span> <span class='ocrx_word' id='word_1_317' title='bbox 803 4040 814 4110; x_wconf 97' lang='grc' dir='ltr'>Η</span> <span class='ocrx_word' id='word_1_318' title='bbox 844 4047 875 4094; x_wconf 88' lang='grc'>11</span> <span class='ocrx_word' id='word_1_319' title='bbox 893 4044 985 4094; x_wconf 90' lang='lat' dir='ltr'>hrodii</span> <span class='ocrx_word' id='word_1_320' title='bbox 1003 4052 1062 4096; x_wconf 80' lang='lat' dir='ltr'>ante</span> <span class='ocrx_word' id='word_1_321' title='bbox 1080 4060 1149 4095; x_wconf 82' lang='lat' dir='ltr'>corr.</span> <span class='ocrx_word' id='word_1_322' title='bbox 1170 4044 1200 4094; x_wconf 86' lang='grc'>6.</span> <span class='ocrx_word' id='word_1_323' title='bbox 1228 4040 1241 4108; x_wconf 97' lang='grc' dir='ltr'>Η</span> <span class='ocrx_word' id='word_1_324' title='bbox 1268 4047 1367 4094; x_wconf 80' lang='lat' dir='ltr'>ornata</span> <span class='ocrx_word' id='word_1_325' title='bbox 1385 4040 1474 4090; x_wconf 77' lang='lat' dir='ltr'>classe</span> <span class='ocrx_word' id='word_1_326' title='bbox 1492 4041 1522 4088; x_wconf 88' lang='lat' dir='ltr'><em>H</em></span> 
     </span>
     <span class='ocr_line' id='line_1_34' title="bbox 379 4124 1523 4194; baseline -0.004 -17"><span class='ocrx_word' id='word_1_327' title='bbox 379 4127 607 4191; x_wconf 51' lang='lat' dir='ltr'>(Llclrornatam</span> <span class='ocrx_word' id='word_1_328' title='bbox 627 4124 744 4176; x_wconf 84' lang='lat' dir='ltr'>classem</span> <span class='ocrx_word' id='word_1_329' title='bbox 763 4127 792 4181; x_wconf 89' lang='grc'>6.</span> <span class='ocrx_word' id='word_1_330' title='bbox 814 4124 825 4193; x_wconf 96' lang='grc' dir='ltr'>Η</span> <span class='ocrx_word' id='word_1_331' title='bbox 846 4131 877 4179; x_wconf 77' lang='grc'>12</span> <span class='ocrx_word' id='word_1_332' title='bbox 896 4129 931 4178; x_wconf 85' lang='lat' dir='ltr'>ab</span> <span class='ocrx_word' id='word_1_333' title='bbox 952 4130 1004 4180; x_wconf 84' lang='lat' dir='ltr'>GH</span> <span class='ocrx_word' id='word_1_334' title='bbox 1021 4129 1065 4192; x_wconf 83' lang='lat' dir='ltr'>(L,</span> <span class='ocrx_word' id='word_1_335' title='bbox 1085 4145 1119 4179; x_wconf 88' lang='lat' dir='ltr'>ex</span> <span class='ocrx_word' id='word_1_336' title='bbox 1136 4126 1180 4192; x_wconf 84' lang='lat' dir='ltr'>lc).</span> <span class='ocrx_word' id='word_1_337' title='bbox 1203 4124 1215 4194; x_wconf 96' lang='grc' dir='ltr'>Η</span> <span class='ocrx_word' id='word_1_338' title='bbox 1239 4128 1305 4177; x_wconf 85' lang='lat' dir='ltr'>darc</span> <span class='ocrx_word' id='word_1_339' title='bbox 1325 4127 1359 4176; x_wconf 76' lang='lat'>6:</span> <span class='ocrx_word' id='word_1_340' title='bbox 1377 4124 1475 4173; x_wconf 85' lang='lat' dir='ltr'>darent</span> <span class='ocrx_word' id='word_1_341' title='bbox 1493 4124 1523 4172; x_wconf 90' lang='lat' dir='ltr'><em>H</em></span> 
     </span>
     <span class='ocr_line' id='line_1_35' title="bbox 380 4206 1521 4278; baseline -0.004 -17"><span class='ocrx_word' id='word_1_342' title='bbox 380 4210 459 4276; x_wconf 86' lang='lat' dir='ltr'>(Llc).</span> <span class='ocrx_word' id='word_1_343' title='bbox 483 4209 496 4278; x_wconf 97' lang='grc' dir='ltr'>Η</span> <span class='ocrx_word' id='word_1_344' title='bbox 521 4214 551 4261; x_wconf 88' lang='grc'>14</span> <span class='ocrx_word' id='word_1_345' title='bbox 570 4210 698 4261; x_wconf 85' lang='lat' dir='ltr'>inanibus</span> <span class='ocrx_word' id='word_1_346' title='bbox 718 4211 747 4258; x_wconf 91' lang='lat' dir='ltr'><em>H</em></span> <span class='ocrx_word' id='word_1_347' title='bbox 765 4210 849 4274; x_wconf 86' lang='lat' dir='ltr'>(Llc):</span> <span class='ocrx_word' id='word_1_348' title='bbox 868 4229 914 4266; x_wconf 87' lang='lat' dir='ltr'>om.</span> <span class='ocrx_word' id='word_1_349' title='bbox 935 4211 1029 4277; x_wconf 77' lang='lat' dir='ltr'>G(sed</span> <span class='ocrx_word' id='word_1_350' title='bbox 1041 4215 1075 4264; x_wconf 73' lang='lat'>6⁶</span> <span class='ocrx_word' id='word_1_351' title='bbox 1093 4215 1154 4264; x_wconf 84' lang='lat' dir='ltr'>add.</span> <span class='ocrx_word' id='word_1_352' title='bbox 1172 4215 1240 4261; x_wconf 78' lang='lat' dir='ltr'>inter</span> <span class='ocrx_word' id='word_1_353' title='bbox 1256 4209 1321 4275; x_wconf 75' lang='lat' dir='ltr'>lia).</span> <span class='ocrx_word' id='word_1_354' title='bbox 1342 4206 1355 4276; x_wconf 94' lang='grc' dir='ltr'>Η</span> <span class='ocrx_word' id='word_1_355' title='bbox 1378 4209 1521 4258; x_wconf 87' lang='lat' dir='ltr'>atermisia</span> 
     </span>
     <span class='ocr_line' id='line_1_36' title="bbox 379 4292 1520 4363; baseline -0.004 -18"><span class='ocrx_word' id='word_1_356' title='bbox 379 4298 416 4350; x_wconf 84' lang='lat' dir='ltr'>H,</span> <span class='ocrx_word' id='word_1_357' title='bbox 434 4294 446 4362; x_wconf 94' lang='grc' dir='ltr'>Η</span> <span class='ocrx_word' id='word_1_358' title='bbox 463 4299 493 4345; x_wconf 86' lang='grc'>15</span> <span class='ocrx_word' id='word_1_359' title='bbox 512 4297 626 4361; x_wconf 85' lang='lat' dir='ltr'>pelagus</span> <span class='ocrx_word' id='word_1_360' title='bbox 644 4297 682 4346; x_wconf 86' lang='lat' dir='ltr'>L:</span> <span class='ocrx_word' id='word_1_361' title='bbox 700 4309 798 4360; x_wconf 88' lang='lat' dir='ltr'>-gum</span> <span class='ocrx_word' id='word_1_362' title='bbox 818 4294 899 4362; x_wconf 84' lang='lat' dir='ltr'>(-g1&#39;1</span> <span class='ocrx_word' id='word_1_363' title='bbox 919 4297 951 4362; x_wconf 84' lang='lat' dir='ltr'>G)</span> <span class='ocrx_word' id='word_1_364' title='bbox 972 4299 1022 4347; x_wconf 81' lang='lat' dir='ltr'>GH</span> <span class='ocrx_word' id='word_1_365' title='bbox 1031 4297 1086 4363; x_wconf 85' lang='lat' dir='ltr'>(lc).</span> <span class='ocrx_word' id='word_1_366' title='bbox 1101 4294 1114 4363; x_wconf 96' lang='grc' dir='ltr'>Η</span> <span class='ocrx_word' id='word_1_367' title='bbox 1132 4299 1163 4347; x_wconf 88' lang='grc'>16</span> <span class='ocrx_word' id='word_1_368' title='bbox 1181 4295 1315 4345; x_wconf 88' lang='lat' dir='ltr'>militibus</span> <span class='ocrx_word' id='word_1_369' title='bbox 1335 4293 1451 4344; x_wconf 84' lang='lat' dir='ltr'>classem</span> <span class='ocrx_word' id='word_1_370' title='bbox 1470 4292 1520 4342; x_wconf 80' lang='lat' dir='ltr'>GH</span> 
     </span>
     <span class='ocr_line' id='line_1_37' title="bbox 380 4378 1521 4446; baseline -0.004 -16"><span class='ocrx_word' id='word_1_371' title='bbox 380 4379 471 4442; x_wconf 67' lang='lat' dir='ltr'>(Lete,</span> <span class='ocrx_word' id='word_1_372' title='bbox 498 4381 616 4431; x_wconf 82' lang='lat' dir='ltr'>classem</span> <span class='ocrx_word' id='word_1_373' title='bbox 634 4379 767 4430; x_wconf 86' lang='lat' dir='ltr'>militibus</span> <span class='ocrx_word' id='word_1_374' title='bbox 785 4382 794 4428; x_wconf 85' lang='lat' dir='ltr'>l</span> <span class='ocrx_word' id='word_1_375' title='bbox 810 4386 836 4429; x_wconf 81' lang='lat' dir='ltr'>et</span> <span class='ocrx_word' id='word_1_376' title='bbox 853 4386 913 4430; x_wconf 76' lang='lat' dir='ltr'>ante</span> <span class='ocrx_word' id='word_1_377' title='bbox 930 4397 999 4434; x_wconf 78' lang='lat' dir='ltr'>corr.</span> <span class='ocrx_word' id='word_1_378' title='bbox 1023 4383 1052 4444; x_wconf 79' lang='lat' dir='ltr'>h,</span> <span class='ocrx_word' id='word_1_379' title='bbox 1074 4397 1124 4431; x_wconf 84' lang='lat' dir='ltr'>non</span> <span class='ocrx_word' id='word_1_380' title='bbox 1143 4378 1178 4446; x_wconf 86' lang='lat' dir='ltr'>c).</span> <span class='ocrx_word' id='word_1_381' title='bbox 1202 4378 1214 4446; x_wconf 95' lang='grc' dir='ltr'>Η</span> <span class='ocrx_word' id='word_1_382' title='bbox 1241 4381 1272 4430; x_wconf 78' lang='grc'>19</span> <span class='ocrx_word' id='word_1_383' title='bbox 1289 4379 1444 4430; x_wconf 80' lang='lat' dir='ltr'>rhodiorum</span> <span class='ocrx_word' id='word_1_384' title='bbox 1462 4378 1521 4426; x_wconf 92' lang='lat' dir='ltr'>suis</span> 
     </span>
     <span class='ocr_line' id='line_1_38' title="bbox 351 4453 1520 4531; baseline -0.003 -17"><span class='ocrx_word' id='word_1_385' title='bbox 351 4502 357 4509; x_wconf 85' lang='lat'>.</span> <span class='ocrx_word' id='word_1_386' title='bbox 381 4466 432 4514; x_wconf 77' lang='lat' dir='ltr'>GH</span> <span class='ocrx_word' id='word_1_387' title='bbox 450 4465 546 4527; x_wconf 72' lang='lat' dir='ltr'>(cresc,</span> <span class='ocrx_word' id='word_1_388' title='bbox 565 4467 624 4515; x_wconf 88' lang='lat' dir='ltr'>suis</span> <span class='ocrx_word' id='word_1_389' title='bbox 640 4465 797 4516; x_wconf 88' lang='lat' dir='ltr'>rhodiorum</span> <span class='ocrx_word' id='word_1_390' title='bbox 814 4471 874 4515; x_wconf 78' lang='lat' dir='ltr'>unte</span> <span class='ocrx_word' id='word_1_391' title='bbox 891 4480 960 4518; x_wconf 80' lang='lat' dir='ltr'>corr.</span> <span class='ocrx_word' id='word_1_392' title='bbox 979 4465 1015 4529; x_wconf 80' lang='grc' dir='ltr'>Ιι).</span> <span class='ocrx_word' id='word_1_393' title='bbox 1038 4453 1060 4531; x_wconf 92' lang='grc' dir='ltr'>Η</span> <span class='ocrx_word' id='word_1_394' title='bbox 1072 4468 1106 4515; x_wconf 79' lang='lat'>20</span> <span class='ocrx_word' id='word_1_395' title='bbox 1123 4465 1254 4529; x_wconf 86' lang='lat' dir='ltr'>inpositis</span> <span class='ocrx_word' id='word_1_396' title='bbox 1273 4465 1323 4513; x_wconf 85' lang='lat' dir='ltr'>GH</span> <span class='ocrx_word' id='word_1_397' title='bbox 1334 4461 1424 4526; x_wconf 65' lang='lat' dir='ltr'>(aare,</span> <span class='ocrx_word' id='word_1_398' title='bbox 1442 4466 1520 4527; x_wconf 90' lang='lat' dir='ltr'>inpo-</span> 
     </span>
     <span class='ocr_line' id='line_1_39' title="bbox 380 4544 1519 4618; baseline -0.003 -19"><span class='ocrx_word' id='word_1_399' title='bbox 380 4551 435 4605; x_wconf 80' lang='lat' dir='ltr'>suit</span> <span class='ocrx_word' id='word_1_400' title='bbox 452 4553 461 4599; x_wconf 82' lang='lat'><em>1</em></span> <span class='ocrx_word' id='word_1_401' title='bbox 477 4556 503 4598; x_wconf 81' lang='lat' dir='ltr'>et</span> <span class='ocrx_word' id='word_1_402' title='bbox 521 4557 581 4600; x_wconf 80' lang='lat' dir='ltr'>ante</span> <span class='ocrx_word' id='word_1_403' title='bbox 598 4566 668 4602; x_wconf 87' lang='lat' dir='ltr'>corr.</span> <span class='ocrx_word' id='word_1_404' title='bbox 687 4550 724 4616; x_wconf 77' lang='lat' dir='ltr'>d).</span> <span class='ocrx_word' id='word_1_405' title='bbox 746 4547 758 4618; x_wconf 95' lang='grc' dir='ltr'>Η</span> <span class='ocrx_word' id='word_1_406' title='bbox 781 4552 813 4600; x_wconf 79' lang='lat'>22</span> <span class='ocrx_word' id='word_1_407' title='bbox 831 4555 888 4599; x_wconf 90' lang='lat' dir='ltr'>tum</span> <span class='ocrx_word' id='word_1_408' title='bbox 905 4550 935 4598; x_wconf 91' lang='lat' dir='ltr'><em>H</em></span> <span class='ocrx_word' id='word_1_409' title='bbox 948 4548 1032 4614; x_wconf 86' lang='lat' dir='ltr'>(Lle):</span> <span class='ocrx_word' id='word_1_410' title='bbox 1052 4554 1118 4598; x_wconf 91' lang='lat' dir='ltr'>tunc</span> <span class='ocrx_word' id='word_1_411' title='bbox 1137 4550 1166 4600; x_wconf 91' lang='grc'>6.</span> <span class='ocrx_word' id='word_1_412' title='bbox 1185 4545 1199 4616; x_wconf 94' lang='grc' dir='ltr'>Η</span> <span class='ocrx_word' id='word_1_413' title='bbox 1218 4551 1251 4599; x_wconf 78' lang='lat'>23</span> <span class='ocrx_word' id='word_1_414' title='bbox 1268 4553 1392 4614; x_wconf 80' lang='lat' dir='ltr'>tropeum</span> <span class='ocrx_word' id='word_1_415' title='bbox 1406 4547 1458 4596; x_wconf 82' lang='lat' dir='ltr'>GH</span> <span class='ocrx_word' id='word_1_416' title='bbox 1476 4544 1519 4610; x_wconf 87' lang='lat' dir='ltr'>(L,</span> 
     </span>
     <span class='ocr_line' id='line_1_40' title="bbox 379 4628 1519 4701; baseline -0.004 -18"><span class='ocrx_word' id='word_1_417' title='bbox 379 4634 521 4699; x_wconf 88' lang='lat' dir='ltr'>tropheum</span> <span class='ocrx_word' id='word_1_418' title='bbox 533 4637 565 4688; x_wconf 84' lang='lat' dir='ltr'>lc.</span> <span class='ocrx_word' id='word_1_419' title='bbox 581 4631 593 4700; x_wconf 96' lang='grc' dir='ltr'>Η</span> <span class='ocrx_word' id='word_1_420' title='bbox 609 4636 638 4685; x_wconf 89' lang='lat' dir='ltr'>in</span> <span class='ocrx_word' id='word_1_421' title='bbox 649 4635 745 4685; x_wconf 87' lang='lat' dir='ltr'>urbem</span> <span class='ocrx_word' id='word_1_422' title='bbox 759 4633 836 4697; x_wconf 72' lang='lat' dir='ltr'>(—be</span> <span class='ocrx_word' id='word_1_423' title='bbox 854 4632 937 4701; x_wconf 71' lang='lat' dir='ltr'>Gaze)</span> <span class='ocrx_word' id='word_1_424' title='bbox 954 4633 1038 4685; x_wconf 88' lang='lat' dir='ltr'>rhodo</span> <span class='ocrx_word' id='word_1_425' title='bbox 1058 4634 1108 4684; x_wconf 85' lang='lat' dir='ltr'>GH</span> <span class='ocrx_word' id='word_1_426' title='bbox 1125 4634 1205 4698; x_wconf 74' lang='lat' dir='ltr'>(corr.</span> <span class='ocrx_word' id='word_1_427' title='bbox 1220 4632 1282 4698; x_wconf 78' lang='lat' dir='ltr'>ed).</span> <span class='ocrx_word' id='word_1_428' title='bbox 1297 4628 1310 4700; x_wconf 96' lang='grc' dir='ltr'>Η</span> <span class='ocrx_word' id='word_1_429' title='bbox 1329 4634 1363 4684; x_wconf 78' lang='lat'>25</span> <span class='ocrx_word' id='word_1_430' title='bbox 1386 4633 1469 4682; x_wconf 81' lang='lat' dir='ltr'>istam</span> <span class='ocrx_word' id='word_1_431' title='bbox 1485 4630 1519 4694; x_wconf 76' lang='lat' dir='ltr'>(t)</span> 
     </span>
     <span class='ocr_line' id='line_1_41' title="bbox 379 4718 1298 4772; baseline -0.002 -5"><span class='ocrx_word' id='word_1_432' title='bbox 379 4718 447 4772; x_wconf 71' lang='lat' dir='ltr'>doc:</span> <span class='ocrx_word' id='word_1_433' title='bbox 467 4720 508 4768; x_wconf 87' lang='lat' dir='ltr'>ita</span> <span class='ocrx_word' id='word_1_434' title='bbox 528 4718 586 4767; x_wconf 83' lang='lat' dir='ltr'>GH.</span> <span class='ocrx_word' id='word_1_435' title='bbox 1296 4755 1298 4759; x_wconf 59' lang='grc'>,</span> 
     </span>
    </p>
   </div>
   <div class='ocr_carea' id='block_1_5' title="bbox 1272 4800 1318 4862">
    <p class='ocr_par' dir='ltr' id='par_1_5' title="bbox 1272 4800 1318 4862">
     <span class='ocr_line' id='line_1_42' title="bbox 1272 4800 1318 4862; baseline 0 -24"><span class='ocrx_word' id='word_1_436' title='bbox 1272 4800 1318 4862; x_wconf 76' lang='grc'>4*</span> 
     </span>
    </p>
   </div>
   <div class='ocr_carea' id='block_1_6' title="bbox 0 0 1896 5625">
    <p class='ocr_par' dir='ltr' id='par_1_6' title="bbox 0 0 1896 5625">
     <span class='ocr_line' id='line_1_43' title="bbox 0 0 1896 5625; baseline 0 0"><span class='ocrx_word' id='word_1_437' title='bbox 0 0 1896 5625; x_wconf 95' lang='lat' dir='ltr'> </span> 
     </span>
    </p>
   </div>
  </div>
 </body>
</html>
