3784 5625
693 661 740 707 nn
762 660 1030 709 unanimorum
1054 662 1124 708 nm.
1148 662 1184 709 11.
1465 646 1508 710 43

300 873 303 876 ,
365 815 521 900 spongiae
544 813 631 900 quod
652 813 729 877 inde
756 815 910 880 eximitur
932 816 1054 879 nonin
1076 814 1226 879 omnibus
1249 814 1328 879 locis
1350 816 1507 898 nascitur,

365 918 429 980 nisi
452 916 575 980 circum
597 915 738 979 Aetnam
767 926 799 979 et
827 915 964 984 collibus
986 916 1116 1003 Mysiae
1139 938 1221 1001 quae
1243 939 1263 978 a
1286 916 1421 981 Graecis
1444 941 1509 981 κα-

365 1041 598 1101 τακεκαυμενη
621 1019 807 1084 nominatur
830 1028 862 1084 et
884 1019 912 1081 si
935 1039 1018 1104 quae
1046 1017 1192 1081 eiusdem
1215 1017 1304 1082 modi
1326 1027 1402 1083 sunt
1423 1017 1507 1084 loco·

365 1143 436 1184 rum
469 1121 696 1206 proprietates,
754 1121 782 1183 si
816 1142 893 1207 ergo
926 1120 961 1183 in
988 1119 1039 1183 his
1061 1118 1141 1183 locis
1163 1141 1322 1204 aquarum
1343 1120 1508 1185 ferventes

365 1222 578 1287 inveniuntur
606 1221 712 1286 fontes
748 1231 779 1286 et
806 1223 841 1286 in
863 1220 1013 1288 omnibus
1042 1221 1209 1284 excavatis
1238 1219 1337 1285 calidi
1359 1237 1543 1306 vapores,o

364 1308 501 1408 ipsaque
528 1321 599 1386 loca
624 1321 666 1386 ab
694 1323 837 1408 antiquis
866 1332 1085 1387 memorantur
1113 1332 1329 1408 pervagantes
1358 1324 1393 1386 in
1419 1324 1508 1408 agris

364 1424 517 1489 habuisse
544 1423 693 1505 ardores,
724 1409 856 1488 videtur
884 1446 956 1488 esse
983 1433 1108 1488 certum
1129 1422 1171 1487 ab
1193 1425 1281 1508 ignis
1304 1423 1510 1489 vehementia

365 1548 382 1589 e
410 1525 477 1590 tofo
505 1535 670 1610 terraque,
700 1526 974 1611 quemadmodum
996 1526 1031 1588 in
1052 1523 1239 1590 fornacibus
1263 1546 1305 1588 ex
1327 1524 1433 1607 calce,
1462 1527 1509 1590 ita

329 1640 406 1692 tex
433 1628 484 1691 his
513 1636 661 1712 ereptum
689 1649 760 1691 esse
790 1626 959 1713 liquorem.
1008 1627 1111 1711 igitur
1137 1626 1352 1691 dissimilibus
1381 1636 1413 1691 et
1442 1626 1508 1690 dis-

363 1729 496 1816 paribus
511 1727 609 1792 rebus
625 1730 782 1815 correptis
799 1730 880 1793 etin
894 1751 992 1792 unam
1014 1719 1209 1815 potestatem
1230 1727 1379 1810 conlatis,
1402 1727 1509 1792 calida
1528 1742 1560 1791 10

363 1831 484 1894 umoris
515 1830 666 1894 ieiunitas
694 1853 779 1916 aqua
806 1841 939 1917 repente
967 1831 1084 1895 satiata
1112 1829 1337 1895 communibus
1366 1831 1508 1916 corpori-

253 1978 255 1981 .
286 2017 287 2020 Ἴ
363 1931 425 1995 bus
446 1929 562 1994 latenti
583 1931 689 1995 calore
711 1933 928 1999 confervescit
952 1942 983 1997 et
1006 1932 1216 1996 vehementer
1238 1932 1339 1997 efficit
1361 1954 1399 1996 ea
1422 1933 1509 1995 coire

363 2031 575 2118 celeriterque
597 2055 695 2096 unam
718 2032 893 2102 soliditatis
917 2035 1086 2121 percipere
1109 2035 1276 2098 virtutem.

446 2133 664 2220 Relinquetur
692 2135 906 2218 desideratio,
936 2137 1088 2222 quoniam
1116 2138 1194 2199 item
1220 2145 1296 2200 sunt
1318 2137 1354 2199 in
1375 2136 1517 2200 Etrmia·

362 2257 404 2298 ex
418 2257 503 2321 aqua
518 2235 624 2300 calida
640 2237 746 2301 crebri
768 2237 891 2320 fontes,
915 2236 994 2323 quid
1016 2239 1064 2302 ita
1084 2260 1151 2302 non
1173 2239 1275 2319 etiam·
1294 2236 1342 2301 ibi
1364 2240 1510 2301 nascitur
1528 2249 1560 2296 15

361 2337 488 2422 pulviS,
519 2359 537 2400 e
565 2361 628 2423 quo
657 2338 771 2401 eadem
798 2339 924 2403 ratione
947 2338 1008 2402 sub
1031 2360 1116 2423 aqua
1139 2346 1302 2401 structura
1324 2337 1508 2401 solidescat.

361 2440 472 2524 itaque
487 2439 596 2502 visum
619 2448 668 2501 est
689 2447 864 2523 antequam
886 2437 1127 2501 desideraretur
1150 2438 1190 2501 de
1212 2437 1263 2501 his
1286 2438 1383 2502 rebus
1399 2460 1509 2523 quem·

328 2551 344 2598 5
364 2537 540 2602 admodum
562 2559 634 2602 esse
656 2537 829 2601 videantur
851 2561 1025 2624 exponere.
1074 2532 1225 2602 omnibus
1247 2538 1326 2603 locis
1350 2548 1382 2602 et
1403 2539 1509 2622 regio-

363 2640 466 2702 nibus>
486 2660 551 2703 non
580 2640 693 2703 eadem
719 2661 840 2724 genera
867 2650 973 2704 terrae
994 2662 1056 2704 nec
1076 2638 1202 2728 lapides
1224 2650 1418 2723 nascuntur,
1448 2640 1509 2704 sed

364 2740 519 2805 nonnulla
554 2752 629 2806 sunt
661 2751 791 2805 terrena
817 2740 882 2804 alia
910 2741 1063 2806 sabulosa
1090 2743 1234 2828 itemque
1259 2742 1408 2828 glareosa
1434 2742 1559 2806 aliisae

362 2843 440 2907 locis
457 2844 614 2909 harenosa
628 2867 694 2909 non
708 2845 815 2908 minus
838 2845 991 2927 materia,
1015 2853 1046 2908 et
1069 2847 1199 2910 omnino
1222 2844 1376 2910 dissimili
1399 2845 1507 2931 dispa-

360 2946 454 3031 rique
479 2968 598 3030 genere
627 2948 661 3010 in
687 2948 858 3031 regionum
886 2946 1101 3009 varietatibus
1130 2946 1303 3033 qualitates
1333 2949 1446 3012 insunt
1474 2948 1509 3010 in

362 3058 459 3111 terra.
489 3050 631 3113 maxime
645 3058 755 3114 autem
770 3047 805 3113 id
821 3050 869 3112 sic
891 3047 968 3112 licet
990 3047 1197 3113 considerare
1220 3049 1307 3134 quod
1330 3072 1393 3135 qua
1414 3071 1507 3114 mons
1563 3066 1567 3074 ’

360 3150 575 3236 Appenninus
598 3152 746 3235 regiones
770 3149 886 3214 Italiae
909 3149 1126 3235 Etruriaeque
1149 3151 1235 3213 circa
1258 3152 1376 3234 cingit,
1407 3172 1507 3235 prope

360 3252 395 3314 in
410 3251 558 3315 omnibus
580 3251 660 3318 locis
683 3275 748 3316 non
770 3252 888 3316 desunt
910 3249 1044 3314 fossicia
1066 3251 1247 3333 harenaria‚
1270 3261 1359 3313 trans
1373 3250 1505 3336 Appen·
1526 3266 1558 3312 25

359 3353 472 3415 ninum
500 3375 577 3417 vero
600 3359 692 3441 'quae
713 3335 789 3441 pari
813 3363 862 3417 est
888 3353 931 3416 ad
954 3351 1184 3416 Hadriaticum
1210 3374 1314 3433 mare,
1341 3350 1430 3415 nulla
1458 3353 1506 3415 in-

360 3454 545 3536 veniuntur,
569 3458 647 3520 item
663 3457 789 3520 Achaia
803 3455 886 3520 Asia
901 3454 1033 3520 omnino
1053 3464 1143 3517 trans
1166 3476 1255 3517 mare
1276 3476 1317 3517 ne
1339 3454 1505 3518 nominan-

429 3612 444 3657 2
463 3617 573 3660 aetnam
586 3613 615 3660 H
628 3609 664 3675 (et
682 3619 741 3661 ante
753 3611 866 3673 eorr.L‚
884 3612 937 3659 tna
949 3607 978 3673 l),
998 3610 1128 3659 aethnam
1148 3609 1229 3674 Gir),
1249 3611 1360 3667 ethnam
1381 3610 1415 3660 G0
1429 3610 1477 3673 (1).
1491 3607 1503 3672 Η

361 3694 484 3755 mysciae
503 3701 561 3743 ante
585 3712 651 3745 corr.
678 3696 707 3745 G.
737 3692 748 3761 Η
778 3690 1030 3760 catacaelcaumae
1049 3696 1078 3743 H
1101 3692 1211 3761 (cataep
1235 3711 1350 3746 caumae
1378 3692 1465 3759 [-me
1483 3691 1504 3759 1]

361 3776 430 3839 Lis),
451 3782 516 3826 cata
536 3794 716 3829 cecaumenos
736 3781 758 3829 G
776 3776 852 3843 (cata
871 3793 1052 3829 cecaumenos
1072 3779 1126 3840 G0).
1151 3775 1163 3844 Η
1186 3782 1202 3829 3
1221 3780 1345 3830 eiusdem
1363 3779 1436 3829 modi
1456 3780 1506 3828 GH

362 3860 409 3923 (L,
435 3861 494 3910 eius
517 3862 653 3923 modite).
678 3860 689 3928 Η
718 3866 734 3913 5
757 3844 896 3914 omnibus:
927 3866 965 3914 cic
989 3865 1039 3914 GH
1067 3861 1216 3926 (montibus
1237 3863 1316 3927 111).
1346 3860 1358 3929 Η
1386 3866 1435 3913 81
1461 3860 1506 3927 (ex

360 3944 441 4005 Joc.):
461 3943 483 3994 h
503 3945 554 3995 GH
576 3943 673 4013 (ear-ae
696 3964 775 4012 comp.
794 3946 866 4011 111).
891 3945 902 4014 Η
931 3964 964 3997 ex
988 3947 1065 3998 ealce
1085 3949 1169 3999 Maru:
1193 3944 1332 3997 &acalce
1352 3948 1411 3999 GH.
1438 3942 1450 4011 Η
1474 3949 1504 3995 11

361 4046 433 4094 aqua
458 4032 479 4080 G
501 4028 545 4092 (cf.
563 4046 589 4093 p.
610 4033 653 4086 35,
672 4030 713 4093 9):
741 4048 831 4097 aquae
854 4035 884 4083 H
901 4030 982 4097 (Llc).
1006 4029 1018 4097 Η
1042 4034 1074 4081 14
1096 4032 1164 4079 item
1188 4032 1263 4080 Lon:
1289 4033 1330 4080 ita
1355 4031 1414 4079 GH.
1437 4026 1449 4094 Η
1474 4031 1506 4079 15

361 4131 413 4164 exa
429 4114 433 4177 Ι
450 4129 523 4178 aqua
544 4114 572 4166 G.
596 4110 607 4179 Η
631 4114 734 4165 callida
752 4119 953 4170 1111111111.
977 4113 989 4182 Η
1013 4116 1151 4166 nascitur:
1169 4117 1208 4164 sic
1227 4116 1284 4165 GH.
1307 4111 1322 4180 Η
1345 4115 1376 4163 16
1395 4114 1503 4163 ratione

361 4201 390 4249 G.
414 4196 425 4263 Η
449 4201 481 4249 20
499 4198 629 4263 glareosa
649 4200 683 4249 G:
707 4199 828 4264 glarioaa
845 4204 875 4252 H
893 4200 973 4265 (Llc).
996 4197 1008 4267 Η
1031 4201 1104 4250 alius
1123 4205 1182 4247 ante
1200 4214 1270 4248 cerr.
1289 4201 1325 4248 H.
1354 4194 1366 4264 Η
1388 4201 1425 4248 al
1446 4214 1503 4248 ma-

359 4284 428 4333 teria
447 4284 476 4331 H
494 4280 614 4349 (G⁶L10):
634 4288 746 4333 materie
767 4285 788 4333 G
811 4284 868 4347 (sed
891 4287 925 4336 G⁶
941 4302 1023 4350 supra
1040 4302 1054 4335 e
1072 4299 1123 4333 scr.
1143 4282 1411 4336 ta=vetmateria.
1435 4279 1448 4351 Η
1471 4287 1503 4334 23

359 4370 400 4419 sic
418 4368 484 4418 licet
502 4364 545 4432 (L,
564 4370 598 4432 cf.
617 4385 640 4422 c.
654 4372 679 4428 8,
693 4369 750 4433 11):
770 4369 865 4419 silicet
881 4378 940 4420 ante
954 4386 1023 4420 corr.
1045 4370 1073 4425 G,
1092 4367 1201 4417 scilicet
1213 4368 1243 4416 H
1254 4364 1345 4435 (6⁶10).
1369 4365 1381 4435 Η
1404 4372 1437 4419 24
1455 4386 1504 4433 ap-

359 4452 500 4517 pennimus
522 4461 581 4503 ante
603 4470 657 4502 ras.
673 4454 707 4507 ,6.
731 4450 743 4519 Η
766 4455 887 4519 regionis
905 4456 935 4503 H
954 4453 997 4517 (1),
1028 4449 1039 4518 Η
1068 4454 1155 4501 circa:
1180 4453 1218 4519 sic
1243 4452 1303 4504 GH.
1330 4450 1343 4520 Η
1371 4456 1403 4503 16
1427 4454 1503 4519 paris

359 4544 418 4586 ante
436 4552 489 4586 raa.
510 4537 538 4589 G.
561 4533 573 4603 Η
597 4538 662 4587 ead
681 4539 820 4588 adriatici]
841 4539 874 4589 G:
894 4543 937 4587 est
955 4538 1121 4587 adriaticum
1140 4533 1198 4600 (om.
1219 4535 1263 4601 ad)
1282 4539 1314 4586 H
1329 4536 1410 4602 (111).
1434 4535 1446 4605 Η
1469 4541 1501 4588 21

361 4622 421 4670 asia
438 4621 562 4671 omnino:
579 4624 617 4673 sie
635 4622 701 4687 (stne
719 4621 757 4687 et)
779 4622 837 4673 GH.
861 4619 873 4688 Η
896 4626 955 4672 tras
974 4623 1003 4675 G.
1027 4617 1040 4689 Η
1062 4638 1097 4672 ne
1110 4622 1366 4674 nominanturdoc.:
1386 4638 1438 4673 nec
1456 4639 1502 4673 no·

360 4705 479 4757 minatur
498 4706 555 4757 GH.
