<?xml version="1.0" encoding="UTF-8"?>
<!DOCTYPE html PUBLIC "-//W3C//DTD XHTML 1.0 Transitional//EN"
    "http://www.w3.org/TR/xhtml1/DTD/xhtml1-transitional.dtd">
<html xmlns="http://www.w3.org/1999/xhtml" xml:lang="en" lang="en">
 <head>
  <title>
</title>
<meta http-equiv="Content-Type" content="text/html;charset=utf-8" />
  <meta name='ocr-system' content='tesseract 3.04.00' />
  <meta name='ocr-capabilities' content='ocr_page ocr_carea ocr_par ocr_line ocrx_word'/>
</head>
<body>
  <div class='ocr_page' id='page_1' title='image "./vitruviidearchi01strgoog_0030.png"; bbox 0 0 3784 5625; ppageno 0'>
   <div class='ocr_carea' id='block_1_1' title="bbox 384 662 1028 724">
    <p class='ocr_par' dir='ltr' id='par_1_1' title="bbox 384 662 1028 724">
     <span class='ocr_line' id='line_1_1' title="bbox 384 662 1028 724; baseline -0.008 0"><span class='ocrx_word' id='word_1_1' title='bbox 384 662 423 724; x_wconf 80' lang='lat'>12</span> <span class='ocrx_word' id='word_1_2' title='bbox 870 674 1028 721; x_wconf 84' lang='lat' dir='ltr'>vrruuvn</span> 
     </span>
    </p>
   </div>
   <div class='ocr_carea' id='block_1_2' title="bbox 330 826 1561 2853">
    <p class='ocr_par' dir='ltr' id='par_1_2' title="bbox 330 826 1561 2853">
     <span class='ocr_line' id='line_1_2' title="bbox 383 826 1526 913; baseline -0.003 -19"><span class='ocrx_word' id='word_1_3' title='bbox 383 839 489 894; x_wconf 91' lang='lat' dir='ltr'>erecta</span> <span class='ocrx_word' id='word_1_4' title='bbox 517 829 632 893; x_wconf 89' lang='lat' dir='ltr'>frontis</span> <span class='ocrx_word' id='word_1_5' title='bbox 660 830 767 912; x_wconf 85' lang='lat' dir='ltr'>imago</span> <span class='ocrx_word' id='word_1_6' title='bbox 795 828 987 913; x_wconf 81' lang='lat' dir='ltr'>modiceque</span> <span class='ocrx_word' id='word_1_7' title='bbox 1015 828 1103 913; x_wconf 88' lang='lat' dir='ltr'>picta</span> <span class='ocrx_word' id='word_1_8' title='bbox 1134 826 1316 889; x_wconf 89' lang='lat' dir='ltr'>rationibus</span> <span class='ocrx_word' id='word_1_9' title='bbox 1344 829 1452 911; x_wconf 87' lang='lat' dir='ltr'>operis</span> <span class='ocrx_word' id='word_1_10' title='bbox 1476 829 1526 893; x_wconf 89' lang='lat' dir='ltr'>fu-</span> 
     </span>
     <span class='ocr_line' id='line_1_3' title="bbox 381 926 1526 1016; baseline -0.002 -21"><span class='ocrx_word' id='word_1_11' title='bbox 381 933 447 995; x_wconf 94' lang='lat' dir='ltr'>turi</span> <span class='ocrx_word' id='word_1_12' title='bbox 462 932 575 1015; x_wconf 85' lang='lat' dir='ltr'>figura.</span> <span class='ocrx_word' id='word_1_13' title='bbox 619 932 697 995; x_wconf 90' lang='lat' dir='ltr'>item</span> <span class='ocrx_word' id='word_1_14' title='bbox 713 929 968 1016; x_wconf 80' lang='lat' dir='ltr'>scaenographia</span> <span class='ocrx_word' id='word_1_15' title='bbox 987 939 1037 993; x_wconf 90' lang='lat' dir='ltr'>cst</span> <span class='ocrx_word' id='word_1_16' title='bbox 1059 928 1176 992; x_wconf 86' lang='lat' dir='ltr'>frontis</span> <span class='ocrx_word' id='word_1_17' title='bbox 1200 938 1231 991; x_wconf 91' lang='lat' dir='ltr'>et</span> <span class='ocrx_word' id='word_1_18' title='bbox 1253 926 1391 991; x_wconf 89' lang='lat' dir='ltr'>laterum</span> <span class='ocrx_word' id='word_1_19' title='bbox 1413 930 1526 993; x_wconf 88' lang='lat' dir='ltr'>absce-</span> 
     </span>
     <span class='ocr_line' id='line_1_4' title="bbox 383 1031 1526 1117; baseline -0.002 -20"><span class='ocrx_word' id='word_1_20' title='bbox 383 1034 529 1097; x_wconf 90' lang='lat' dir='ltr'>dentium</span> <span class='ocrx_word' id='word_1_21' title='bbox 556 1032 763 1110; x_wconf 82' lang='lat' dir='ltr'>adumbratio</span> <span class='ocrx_word' id='word_1_22' title='bbox 796 1032 839 1095; x_wconf 90' lang='lat' dir='ltr'>ad</span> <span class='ocrx_word' id='word_1_23' title='bbox 868 1033 1046 1117; x_wconf 83' lang='lat' dir='ltr'>circinique</span> <span class='ocrx_word' id='word_1_24' title='bbox 1079 1041 1226 1094; x_wconf 78' lang='lat' dir='ltr'>centrum</span> <span class='ocrx_word' id='word_1_25' title='bbox 1253 1032 1396 1094; x_wconf 92' lang='lat' dir='ltr'>omnium</span> <span class='ocrx_word' id='word_1_26' title='bbox 1425 1031 1526 1095; x_wconf 88' lang='lat' dir='ltr'>linea-</span> 
     </span>
     <span class='ocr_line' id='line_1_5' title="bbox 380 1129 1526 1222; baseline 0.001 -24"><span class='ocrx_word' id='word_1_27' title='bbox 380 1159 453 1199; x_wconf 89' lang='lat' dir='ltr'>rum</span> <span class='ocrx_word' id='word_1_28' title='bbox 475 1157 660 1222; x_wconf 74' lang='lat' dir='ltr'>responsus</span> <span class='ocrx_word' id='word_1_29' title='bbox 705 1134 766 1197; x_wconf 91' lang='lat' dir='ltr'>hae</span> <span class='ocrx_word' id='word_1_30' title='bbox 787 1143 965 1198; x_wconf 86' lang='lat' dir='ltr'>nascuntur</span> <span class='ocrx_word' id='word_1_31' title='bbox 988 1157 1030 1197; x_wconf 90' lang='lat' dir='ltr'>cx</span> <span class='ocrx_word' id='word_1_32' title='bbox 1052 1129 1249 1217; x_wconf 77' lang='lat' dir='ltr'>cogitatione</span> <span class='ocrx_word' id='word_1_33' title='bbox 1272 1143 1306 1197; x_wconf 88' lang='lat' dir='ltr'>ct</span> <span class='ocrx_word' id='word_1_34' title='bbox 1326 1134 1526 1199; x_wconf 84' lang='lat' dir='ltr'>inventione.</span> 
     </span>
     <span class='ocr_line' id='line_1_6' title="bbox 347 1234 1527 1323; baseline 0.001 -24"><span class='ocrx_word' id='word_1_35' title='bbox 347 1251 362 1299; x_wconf 88' lang='lat'>5</span> <span class='ocrx_word' id='word_1_36' title='bbox 381 1238 536 1321; x_wconf 88' lang='lat' dir='ltr'>cogitatio</span> <span class='ocrx_word' id='word_1_37' title='bbox 565 1248 728 1319; x_wconf 80' lang='lat' dir='ltr'>osteum,</span> <span class='ocrx_word' id='word_1_38' title='bbox 758 1235 859 1301; x_wconf 89' lang='lat' dir='ltr'>studii</span> <span class='ocrx_word' id='word_1_39' title='bbox 882 1235 979 1323; x_wconf 90' lang='lat' dir='ltr'>plena</span> <span class='ocrx_word' id='word_1_40' title='bbox 1001 1245 1033 1299; x_wconf 88' lang='lat' dir='ltr'>et</span> <span class='ocrx_word' id='word_1_41' title='bbox 1055 1234 1235 1298; x_wconf 83' lang='lat' dir='ltr'>industriae</span> <span class='ocrx_word' id='word_1_42' title='bbox 1258 1235 1527 1322; x_wconf 81' lang='lat' dir='ltr'>vigilantiaeque,</span> 
     </span>
     <span class='ocr_line' id='line_1_7' title="bbox 380 1338 1526 1425; baseline 0 -23"><span class='ocrx_word' id='word_1_43' title='bbox 380 1340 513 1404; x_wconf 86' lang='lat' dir='ltr'>effectus</span> <span class='ocrx_word' id='word_1_44' title='bbox 536 1341 696 1425; x_wconf 84' lang='lat' dir='ltr'>propositi</span> <span class='ocrx_word' id='word_1_45' title='bbox 725 1361 799 1401; x_wconf 92' lang='lat' dir='ltr'>cum</span> <span class='ocrx_word' id='word_1_46' title='bbox 826 1338 1004 1425; x_wconf 84' lang='lat' dir='ltr'>voluptate.</span> <span class='ocrx_word' id='word_1_47' title='bbox 1056 1338 1203 1400; x_wconf 91' lang='lat' dir='ltr'>inventio</span> <span class='ocrx_word' id='word_1_48' title='bbox 1225 1346 1335 1400; x_wconf 89' lang='lat' dir='ltr'>autem</span> <span class='ocrx_word' id='word_1_49' title='bbox 1358 1348 1407 1402; x_wconf 89' lang='lat' dir='ltr'>est</span> <span class='ocrx_word' id='word_1_50' title='bbox 1430 1361 1526 1424; x_wconf 89' lang='lat' dir='ltr'>quae-</span> 
     </span>
     <span class='ocr_line' id='line_1_8' title="bbox 381 1440 1526 1527; baseline -0.002 -22"><span class='ocrx_word' id='word_1_51' title='bbox 381 1444 522 1505; x_wconf 89' lang='lat' dir='ltr'>stionum</span> <span class='ocrx_word' id='word_1_52' title='bbox 556 1442 767 1505; x_wconf 88' lang='lat' dir='ltr'>obscurarum</span> <span class='ocrx_word' id='word_1_53' title='bbox 801 1440 977 1527; x_wconf 83' lang='lat' dir='ltr'>explicatio</span> <span class='ocrx_word' id='word_1_54' title='bbox 1010 1440 1159 1525; x_wconf 91' lang='lat' dir='ltr'>ratioque</span> <span class='ocrx_word' id='word_1_55' title='bbox 1188 1459 1293 1502; x_wconf 90' lang='lat' dir='ltr'>novae</span> <span class='ocrx_word' id='word_1_56' title='bbox 1327 1440 1377 1503; x_wconf 92' lang='lat' dir='ltr'>rei</span> <span class='ocrx_word' id='word_1_57' title='bbox 1410 1441 1526 1524; x_wconf 87' lang='lat' dir='ltr'>vigore</span> 
     </span>
     <span class='ocr_line' id='line_1_9' title="bbox 380 1540 1411 1629; baseline -0.005 -21"><span class='ocrx_word' id='word_1_58' title='bbox 380 1543 495 1608; x_wconf 90' lang='lat' dir='ltr'>mobili</span> <span class='ocrx_word' id='word_1_59' title='bbox 516 1554 654 1629; x_wconf 88' lang='lat' dir='ltr'>reperta.</span> <span class='ocrx_word' id='word_1_60' title='bbox 698 1543 759 1606; x_wconf 90' lang='lat' dir='ltr'>hac</span> <span class='ocrx_word' id='word_1_61' title='bbox 782 1554 858 1606; x_wconf 91' lang='lat' dir='ltr'>sunt</span> <span class='ocrx_word' id='word_1_62' title='bbox 880 1544 1125 1607; x_wconf 87' lang='lat' dir='ltr'>terminationes</span> <span class='ocrx_word' id='word_1_63' title='bbox 1149 1540 1411 1627; x_wconf 87' lang='lat' dir='ltr'>dispositionum.</span> 
     </span>
     <span class='ocr_line' id='line_1_10' title="bbox 465 1641 1561 1732; baseline -0.004 -23"><span class='ocrx_word' id='word_1_64' title='bbox 465 1645 662 1731; x_wconf 85' lang='lat' dir='ltr'>Eurythmia</span> <span class='ocrx_word' id='word_1_65' title='bbox 684 1654 734 1709; x_wconf 89' lang='lat' dir='ltr'>est</span> <span class='ocrx_word' id='word_1_66' title='bbox 756 1655 895 1708; x_wconf 88' lang='lat' dir='ltr'>venusta</span> <span class='ocrx_word' id='word_1_67' title='bbox 917 1641 1041 1732; x_wconf 87' lang='lat' dir='ltr'>species</span> <span class='ocrx_word' id='word_1_68' title='bbox 1065 1642 1318 1728; x_wconf 86' lang='lat' dir='ltr'>commodusque</span> <span class='ocrx_word' id='word_1_69' title='bbox 1339 1643 1374 1704; x_wconf 92' lang='lat' dir='ltr'>in</span> <span class='ocrx_word' id='word_1_70' title='bbox 1397 1665 1525 1729; x_wconf 89' lang='lat' dir='ltr'>compo·</span> <span class='ocrx_word' id='word_1_71' title='bbox 1545 1660 1561 1705; x_wconf 92' lang='lat'><strong>3</strong></span> 
     </span>
     <span class='ocr_line' id='line_1_11' title="bbox 332 1744 1527 1833; baseline 0 -26"><span class='ocrx_word' id='word_1_72' title='bbox 332 1761 363 1808; x_wconf 89' lang='lat'>10</span> <span class='ocrx_word' id='word_1_73' title='bbox 381 1748 555 1812; x_wconf 90' lang='lat' dir='ltr'>sitionibus</span> <span class='ocrx_word' id='word_1_74' title='bbox 571 1747 789 1811; x_wconf 90' lang='lat' dir='ltr'>membrorum</span> <span class='ocrx_word' id='word_1_75' title='bbox 811 1754 972 1833; x_wconf 87' lang='lat' dir='ltr'>aspectus.</span> <span class='ocrx_word' id='word_1_76' title='bbox 1017 1746 1100 1809; x_wconf 89' lang='lat' dir='ltr'>hacc</span> <span class='ocrx_word' id='word_1_77' title='bbox 1123 1744 1265 1808; x_wconf 88' lang='lat' dir='ltr'>efficitur</span> <span class='ocrx_word' id='word_1_78' title='bbox 1287 1766 1359 1807; x_wconf 92' lang='lat' dir='ltr'>cum</span> <span class='ocrx_word' id='word_1_79' title='bbox 1379 1745 1527 1808; x_wconf 86' lang='lat' dir='ltr'>membra</span> 
     </span>
     <span class='ocr_line' id='line_1_12' title="bbox 381 1846 1525 1937; baseline -0.002 -24"><span class='ocrx_word' id='word_1_80' title='bbox 381 1851 487 1937; x_wconf 89' lang='lat' dir='ltr'>operis</span> <span class='ocrx_word' id='word_1_81' title='bbox 516 1851 740 1915; x_wconf 79' lang='lat' dir='ltr'>convenientis</span> <span class='ocrx_word' id='word_1_82' title='bbox 774 1859 850 1913; x_wconf 87' lang='lat' dir='ltr'>sunt</span> <span class='ocrx_word' id='word_1_83' title='bbox 877 1848 1061 1912; x_wconf 82' lang='lat' dir='ltr'>altitudinis</span> <span class='ocrx_word' id='word_1_84' title='bbox 1090 1847 1133 1911; x_wconf 89' lang='lat' dir='ltr'>ad</span> <span class='ocrx_word' id='word_1_85' title='bbox 1159 1846 1382 1929; x_wconf 85' lang='lat' dir='ltr'>latitudinem,</span> <span class='ocrx_word' id='word_1_86' title='bbox 1415 1846 1525 1911; x_wconf 89' lang='lat' dir='ltr'>latitu-</span> 
     </span>
     <span class='ocr_line' id='line_1_13' title="bbox 382 1948 1526 2035; baseline -0.003 -21"><span class='ocrx_word' id='word_1_87' title='bbox 382 1950 468 2015; x_wconf 89' lang='lat' dir='ltr'>dinis</span> <span class='ocrx_word' id='word_1_88' title='bbox 483 1951 526 2013; x_wconf 90' lang='lat' dir='ltr'>ad</span> <span class='ocrx_word' id='word_1_89' title='bbox 540 1951 780 2035; x_wconf 82' lang='lat' dir='ltr'>longitudinem</span> <span class='ocrx_word' id='word_1_90' title='bbox 796 1960 828 2014; x_wconf 89' lang='lat' dir='ltr'>ct</span> <span class='ocrx_word' id='word_1_91' title='bbox 849 1951 891 2014; x_wconf 88' lang='lat' dir='ltr'>ad</span> <span class='ocrx_word' id='word_1_92' title='bbox 914 1973 1074 2015; x_wconf 89' lang='lat' dir='ltr'>summam</span> <span class='ocrx_word' id='word_1_93' title='bbox 1097 1951 1205 2013; x_wconf 90' lang='lat' dir='ltr'>omnia</span> <span class='ocrx_word' id='word_1_94' title='bbox 1225 1948 1425 2034; x_wconf 90' lang='lat' dir='ltr'>respondent</span> <span class='ocrx_word' id='word_1_95' title='bbox 1447 1970 1526 2013; x_wconf 87' lang='lat' dir='ltr'>suae</span> 
     </span>
     <span class='ocr_line' id='line_1_14' title="bbox 381 2054 600 2138; baseline -0.005 -22"><span class='ocrx_word' id='word_1_96' title='bbox 381 2054 600 2138; x_wconf 90' lang='lat' dir='ltr'>symmetriae.</span> 
     </span>
     <span class='ocr_line' id='line_1_15' title="bbox 465 2153 1559 2243; baseline -0.004 -25"><span class='ocrx_word' id='word_1_97' title='bbox 465 2155 549 2218; x_wconf 88' lang='lat' dir='ltr'>Item</span> <span class='ocrx_word' id='word_1_98' title='bbox 565 2157 754 2240; x_wconf 83' lang='lat' dir='ltr'>symmetria</span> <span class='ocrx_word' id='word_1_99' title='bbox 770 2153 818 2219; x_wconf 92' lang='lat' dir='ltr'>est</span> <span class='ocrx_word' id='word_1_100' title='bbox 834 2178 875 2220; x_wconf 87' lang='lat' dir='ltr'>ex</span> <span class='ocrx_word' id='word_1_101' title='bbox 895 2157 999 2243; x_wconf 88' lang='lat' dir='ltr'>ipsius</span> <span class='ocrx_word' id='word_1_102' title='bbox 1022 2157 1129 2242; x_wconf 88' lang='lat' dir='ltr'>operis</span> <span class='ocrx_word' id='word_1_103' title='bbox 1151 2155 1305 2220; x_wconf 89' lang='lat' dir='ltr'>membris</span> <span class='ocrx_word' id='word_1_104' title='bbox 1328 2154 1526 2218; x_wconf 87' lang='lat' dir='ltr'>conveniens</span> <span class='ocrx_word' id='word_1_105' title='bbox 1544 2168 1559 2214; x_wconf 87' lang='grc'>4</span> 
     </span>
     <span class='ocr_line' id='line_1_16' title="bbox 332 2256 1526 2344; baseline 0.003 -29"><span class='ocrx_word' id='word_1_106' title='bbox 332 2270 364 2317; x_wconf 86' lang='lat'>15</span> <span class='ocrx_word' id='word_1_107' title='bbox 382 2280 558 2321; x_wconf 84' lang='lat' dir='ltr'>consensus</span> <span class='ocrx_word' id='word_1_108' title='bbox 599 2280 641 2320; x_wconf 91' lang='lat' dir='ltr'>ex</span> <span class='ocrx_word' id='word_1_109' title='bbox 681 2258 893 2344; x_wconf 89' lang='lat' dir='ltr'>partibusque</span> <span class='ocrx_word' id='word_1_110' title='bbox 926 2260 1083 2343; x_wconf 89' lang='lat' dir='ltr'>separatis</span> <span class='ocrx_word' id='word_1_111' title='bbox 1118 2258 1160 2320; x_wconf 89' lang='lat' dir='ltr'>ad</span> <span class='ocrx_word' id='word_1_112' title='bbox 1196 2260 1370 2321; x_wconf 90' lang='lat' dir='ltr'>universae</span> <span class='ocrx_word' id='word_1_113' title='bbox 1402 2256 1526 2339; x_wconf 88' lang='lat' dir='ltr'>figurae</span> 
     </span>
     <span class='ocr_line' id='line_1_17' title="bbox 333 2357 1525 2447; baseline -0.007 -20"><span class='ocrx_word' id='word_1_114' title='bbox 333 2376 339 2389; x_wconf 86' lang='grc'><em>·</em></span> <span class='ocrx_word' id='word_1_115' title='bbox 381 2357 522 2447; x_wconf 88' lang='lat' dir='ltr'>sp&#39;eciem</span> <span class='ocrx_word' id='word_1_116' title='bbox 555 2369 644 2424; x_wconf 87' lang='lat' dir='ltr'>ratae</span> <span class='ocrx_word' id='word_1_117' title='bbox 677 2362 780 2445; x_wconf 90' lang='lat' dir='ltr'>partis</span> <span class='ocrx_word' id='word_1_118' title='bbox 807 2382 993 2446; x_wconf 85' lang='lat' dir='ltr'>responsus.</span> <span class='ocrx_word' id='word_1_119' title='bbox 1043 2361 1092 2423; x_wconf 93' lang='lat' dir='ltr'>uti</span> <span class='ocrx_word' id='word_1_120' title='bbox 1119 2361 1154 2422; x_wconf 91' lang='lat' dir='ltr'>in</span> <span class='ocrx_word' id='word_1_121' title='bbox 1182 2359 1323 2423; x_wconf 90' lang='lat' dir='ltr'>hominis</span> <span class='ocrx_word' id='word_1_122' title='bbox 1352 2379 1525 2443; x_wconf 86' lang='lat' dir='ltr'>corporee</span> 
     </span>
     <span class='ocr_line' id='line_1_18' title="bbox 381 2460 1525 2548; baseline -0.003 -23"><span class='ocrx_word' id='word_1_123' title='bbox 381 2462 491 2527; x_wconf 91' lang='lat' dir='ltr'>cubito</span> <span class='ocrx_word' id='word_1_124' title='bbox 523 2461 607 2548; x_wconf 91' lang='lat' dir='ltr'>pede</span> <span class='ocrx_word' id='word_1_125' title='bbox 643 2461 750 2548; x_wconf 91' lang='lat' dir='ltr'>palmo</span> <span class='ocrx_word' id='word_1_126' title='bbox 780 2463 884 2548; x_wconf 88' lang='lat' dir='ltr'>digito</span> <span class='ocrx_word' id='word_1_127' title='bbox 919 2463 1100 2547; x_wconf 89' lang='lat' dir='ltr'>ceterisque</span> <span class='ocrx_word' id='word_1_128' title='bbox 1133 2460 1302 2547; x_wconf 86' lang='lat' dir='ltr'>particulis</span> <span class='ocrx_word' id='word_1_129' title='bbox 1331 2469 1525 2545; x_wconf 87' lang='lat' dir='ltr'>symmetros</span> 
     </span>
     <span class='ocr_line' id='line_1_19' title="bbox 381 2561 1524 2650; baseline -0.003 -23"><span class='ocrx_word' id='word_1_130' title='bbox 381 2575 431 2628; x_wconf 87' lang='lat' dir='ltr'>est</span> <span class='ocrx_word' id='word_1_131' title='bbox 458 2563 661 2649; x_wconf 84' lang='lat' dir='ltr'>eurythmiae</span> <span class='ocrx_word' id='word_1_132' title='bbox 691 2562 846 2649; x_wconf 80' lang='lat' dir='ltr'>qualitas,</span> <span class='ocrx_word' id='word_1_133' title='bbox 881 2567 929 2628; x_wconf 88' lang='lat' dir='ltr'>sic</span> <span class='ocrx_word' id='word_1_134' title='bbox 954 2573 1003 2628; x_wconf 89' lang='lat' dir='ltr'>est</span> <span class='ocrx_word' id='word_1_135' title='bbox 1031 2566 1065 2627; x_wconf 92' lang='lat' dir='ltr'>in</span> <span class='ocrx_word' id='word_1_136' title='bbox 1095 2585 1228 2650; x_wconf 89' lang='lat' dir='ltr'>operum</span> <span class='ocrx_word' id='word_1_137' title='bbox 1256 2561 1524 2649; x_wconf 86' lang='lat' dir='ltr'>perfectionibus.</span> 
     </span>
     <span class='ocr_line' id='line_1_20' title="bbox 383 2663 1523 2750; baseline -0.001 -22"><span class='ocrx_word' id='word_1_138' title='bbox 383 2676 414 2728; x_wconf 92' lang='lat' dir='ltr'>et</span> <span class='ocrx_word' id='word_1_139' title='bbox 440 2666 580 2750; x_wconf 92' lang='lat' dir='ltr'>primum</span> <span class='ocrx_word' id='word_1_140' title='bbox 608 2666 642 2727; x_wconf 91' lang='lat' dir='ltr'>in</span> <span class='ocrx_word' id='word_1_141' title='bbox 670 2664 806 2729; x_wconf 89' lang='lat' dir='ltr'>aedibus</span> <span class='ocrx_word' id='word_1_142' title='bbox 835 2667 935 2729; x_wconf 89' lang='lat' dir='ltr'>sacris</span> <span class='ocrx_word' id='word_1_143' title='bbox 964 2674 1028 2730; x_wconf 89' lang='lat' dir='ltr'>aut·</span> <span class='ocrx_word' id='word_1_144' title='bbox 1051 2689 1068 2728; x_wconf 91' lang='lat' dir='ltr'>e</span> <span class='ocrx_word' id='word_1_145' title='bbox 1091 2664 1312 2729; x_wconf 89' lang='lat' dir='ltr'>columnarum</span> <span class='ocrx_word' id='word_1_146' title='bbox 1334 2663 1523 2727; x_wconf 86' lang='lat' dir='ltr'>crassitudi-</span> 
     </span>
     <span class='ocr_line' id='line_1_21' title="bbox 330 2764 1524 2853; baseline 0.002 -26"><span class='ocrx_word' id='word_1_147' title='bbox 330 2781 364 2828; x_wconf 77' lang='lat'>20</span> <span class='ocrx_word' id='word_1_148' title='bbox 381 2768 479 2831; x_wconf 86' lang='lat' dir='ltr'>nibus</span> <span class='ocrx_word' id='word_1_149' title='bbox 514 2773 570 2829; x_wconf 89' lang='lat' dir='ltr'>aut</span> <span class='ocrx_word' id='word_1_150' title='bbox 596 2764 764 2853; x_wconf 90' lang='lat' dir='ltr'>triglypho</span> <span class='ocrx_word' id='word_1_151' title='bbox 792 2776 848 2830; x_wconf 90' lang='lat' dir='ltr'>aut</span> <span class='ocrx_word' id='word_1_152' title='bbox 877 2768 974 2831; x_wconf 88' lang='lat' dir='ltr'>etiam</span> <span class='ocrx_word' id='word_1_153' title='bbox 1002 2767 1146 2850; x_wconf 87' lang='lat' dir='ltr'>embate‚</span> <span class='ocrx_word' id='word_1_154' title='bbox 1182 2766 1241 2831; x_wconf 86' lang='lat' dir='ltr'>scd</span> <span class='ocrx_word' id='word_1_155' title='bbox 1269 2775 1301 2830; x_wconf 89' lang='lat' dir='ltr'>et</span> <span class='ocrx_word' id='word_1_156' title='bbox 1327 2765 1478 2831; x_wconf 89' lang='lat' dir='ltr'>ballistae</span> <span class='ocrx_word' id='word_1_157' title='bbox 1507 2789 1524 2829; x_wconf 88' lang='lat' dir='ltr'>e</span> 
     </span>
    </p>
   </div>
   <div class='ocr_carea' id='block_1_3' title="bbox 331 2856 1557 3567">
    <p class='ocr_par' dir='ltr' id='par_1_3' title="bbox 331 2856 1557 3567">
     <span class='ocr_line' id='line_1_22' title="bbox 382 2856 1523 2953; baseline 0.001 -22"><span class='ocrx_word' id='word_1_158' title='bbox 382 2870 541 2934; x_wconf 88' lang='lat' dir='ltr'>foramine</span> <span class='ocrx_word' id='word_1_159' title='bbox 549 2917 558 2950; x_wconf 88' lang='lat'><em>,</em></span> <span class='ocrx_word' id='word_1_160' title='bbox 582 2867 668 2952; x_wconf 92' lang='lat' dir='ltr'>quod</span> <span class='ocrx_word' id='word_1_161' title='bbox 692 2866 814 2932; x_wconf 81' lang='lat' dir='ltr'>Gracci·</span> <span class='ocrx_word' id='word_1_162' title='bbox 833 2891 1020 2953; x_wconf 76' lang='grc' dir='ltr'><em>περιτρημα</em></span> <span class='ocrx_word' id='word_1_163' title='bbox 1042 2856 1203 2953; x_wconf 75' lang='lat' dir='ltr'>vocitant,</span> <span class='ocrx_word' id='word_1_164' title='bbox 1233 2872 1328 2933; x_wconf 85' lang='lat' dir='ltr'>navis</span> <span class='ocrx_word' id='word_1_165' title='bbox 1356 2869 1523 2933; x_wconf 89' lang='lat' dir='ltr'>interscal-</span> 
     </span>
     <span class='ocr_line' id='line_1_23' title="bbox 382 2968 1523 3058; baseline 0.002 -25"><span class='ocrx_word' id='word_1_166' title='bbox 382 2972 458 3051; x_wconf 90' lang='lat' dir='ltr'>mio‚</span> <span class='ocrx_word' id='word_1_167' title='bbox 483 2968 571 3056; x_wconf 92' lang='lat' dir='ltr'>quod</span> <span class='ocrx_word' id='word_1_168' title='bbox 594 2969 765 3053; x_wconf 76' lang='grc' dir='ltr'><em>ὃιαπηγμα</em></span> <span class='ocrx_word' id='word_1_169' title='bbox 781 2971 915 3051; x_wconf 84' lang='lat' dir='ltr'>dicitur,</span> <span class='ocrx_word' id='word_1_170' title='bbox 939 2971 1018 3034; x_wconf 88' lang='lat' dir='ltr'>item</span> <span class='ocrx_word' id='word_1_171' title='bbox 1040 2983 1220 3037; x_wconf 89' lang='lat' dir='ltr'>ceterorum</span> <span class='ocrx_word' id='word_1_172' title='bbox 1243 2994 1377 3058; x_wconf 91' lang='lat' dir='ltr'>operum</span> <span class='ocrx_word' id='word_1_173' title='bbox 1392 2995 1410 3035; x_wconf 90' lang='lat' dir='ltr'>e</span> <span class='ocrx_word' id='word_1_174' title='bbox 1424 2993 1523 3035; x_wconf 89' lang='lat' dir='ltr'>mem-</span> 
     </span>
     <span class='ocr_line' id='line_1_24' title="bbox 382 3073 1163 3158; baseline 0 -22"><span class='ocrx_word' id='word_1_175' title='bbox 382 3073 451 3136; x_wconf 90' lang='lat' dir='ltr'>bris</span> <span class='ocrx_word' id='word_1_176' title='bbox 474 3073 641 3136; x_wconf 86' lang='lat' dir='ltr'>invenitur</span> <span class='ocrx_word' id='word_1_177' title='bbox 664 3074 925 3158; x_wconf 87' lang='lat' dir='ltr'>symmetriarum</span> <span class='ocrx_word' id='word_1_178' title='bbox 948 3075 1163 3138; x_wconf 89' lang='lat' dir='ltr'>ratiocinatio.</span> 
     </span>
     <span class='ocr_line' id='line_1_25' title="bbox 466 3161 1557 3263; baseline -0.004 -25"><span class='ocrx_word' id='word_1_179' title='bbox 466 3161 575 3239; x_wconf 89' lang='lat' dir='ltr'>Decor</span> <span class='ocrx_word' id='word_1_180' title='bbox 607 3183 715 3237; x_wconf 89' lang='lat' dir='ltr'>autem</span> <span class='ocrx_word' id='word_1_181' title='bbox 749 3185 798 3238; x_wconf 89' lang='lat' dir='ltr'>est</span> <span class='ocrx_word' id='word_1_182' title='bbox 830 3175 1020 3240; x_wconf 89' lang='lat' dir='ltr'>emendatus</span> <span class='ocrx_word' id='word_1_183' title='bbox 1054 3177 1161 3263; x_wconf 90' lang='lat' dir='ltr'>operis</span> <span class='ocrx_word' id='word_1_184' title='bbox 1193 3186 1344 3262; x_wconf 87' lang='lat' dir='ltr'>aspectus</span> <span class='ocrx_word' id='word_1_185' title='bbox 1378 3175 1557 3263; x_wconf 85' lang='lat' dir='ltr'>probatis5</span> 
     </span>
     <span class='ocr_line' id='line_1_26' title="bbox 331 3273 1525 3365; baseline 0.003 -29"><span class='ocrx_word' id='word_1_186' title='bbox 331 3288 364 3336; x_wconf 75' lang='lat'>25</span> <span class='ocrx_word' id='word_1_187' title='bbox 382 3278 479 3343; x_wconf 88' lang='lat' dir='ltr'>rebus</span> <span class='ocrx_word' id='word_1_188' title='bbox 495 3278 667 3363; x_wconf 88' lang='lat' dir='ltr'>compositi</span> <span class='ocrx_word' id='word_1_189' title='bbox 682 3299 755 3341; x_wconf 91' lang='lat' dir='ltr'>cum</span> <span class='ocrx_word' id='word_1_190' title='bbox 776 3278 981 3341; x_wconf 88' lang='lat' dir='ltr'>auctoritate.</span> <span class='ocrx_word' id='word_1_191' title='bbox 1026 3273 1053 3341; x_wconf 87' lang='lat' dir='ltr'>is</span> <span class='ocrx_word' id='word_1_192' title='bbox 1076 3277 1243 3365; x_wconf 89' lang='lat' dir='ltr'>perficitur</span> <span class='ocrx_word' id='word_1_193' title='bbox 1265 3279 1415 3360; x_wconf 81' lang='lat' dir='ltr'>statione,</span> <span class='ocrx_word' id='word_1_194' title='bbox 1438 3277 1525 3364; x_wconf 90' lang='lat' dir='ltr'>quod</span> 
     </span>
     <span class='ocr_line' id='line_1_27' title="bbox 382 3379 1522 3463; baseline 0.002 -22"><span class='ocrx_word' id='word_1_195' title='bbox 382 3401 498 3463; x_wconf 85' lang='lat' dir='ltr'>graece</span> <span class='ocrx_word' id='word_1_196' title='bbox 534 3385 743 3462; x_wconf 75' lang='grc' dir='ltr'><em>θεματισμωι</em></span> <span class='ocrx_word' id='word_1_197' title='bbox 779 3379 914 3461; x_wconf 87' lang='lat' dir='ltr'>dicitur,</span> <span class='ocrx_word' id='word_1_198' title='bbox 953 3403 1012 3444; x_wconf 92' lang='lat' dir='ltr'>seu</span> <span class='ocrx_word' id='word_1_199' title='bbox 1049 3379 1283 3443; x_wconf 87' lang='lat' dir='ltr'>consuetudine</span> <span class='ocrx_word' id='word_1_200' title='bbox 1315 3390 1371 3443; x_wconf 91' lang='lat' dir='ltr'>aut</span> <span class='ocrx_word' id='word_1_201' title='bbox 1398 3390 1522 3443; x_wconf 89' lang='lat' dir='ltr'>natura.</span> 
     </span>
     <span class='ocr_line' id='line_1_28' title="bbox 384 3481 1523 3567; baseline 0.001 -24"><span class='ocrx_word' id='word_1_202' title='bbox 384 3483 539 3564; x_wconf 79' lang='lat' dir='ltr'>statione,</span> <span class='ocrx_word' id='word_1_203' title='bbox 571 3502 644 3543; x_wconf 91' lang='lat' dir='ltr'>cum</span> <span class='ocrx_word' id='word_1_204' title='bbox 666 3481 740 3544; x_wconf 89' lang='lat' dir='ltr'>Iovi</span> <span class='ocrx_word' id='word_1_205' title='bbox 763 3481 901 3567; x_wconf 86' lang='lat' dir='ltr'>Fulguri</span> <span class='ocrx_word' id='word_1_206' title='bbox 924 3492 955 3547; x_wconf 90' lang='lat' dir='ltr'>et</span> <span class='ocrx_word' id='word_1_207' title='bbox 978 3481 1077 3546; x_wconf 82' lang='lat' dir='ltr'>Caelo</span> <span class='ocrx_word' id='word_1_208' title='bbox 1101 3491 1132 3545; x_wconf 93' lang='lat' dir='ltr'>et</span> <span class='ocrx_word' id='word_1_209' title='bbox 1155 3481 1223 3546; x_wconf 83' lang='lat' dir='ltr'>Soli</span> <span class='ocrx_word' id='word_1_210' title='bbox 1246 3492 1278 3545; x_wconf 91' lang='lat' dir='ltr'>et</span> <span class='ocrx_word' id='word_1_211' title='bbox 1300 3483 1414 3545; x_wconf 91' lang='lat' dir='ltr'>Lunae</span> <span class='ocrx_word' id='word_1_212' title='bbox 1435 3481 1523 3545; x_wconf 89' lang='lat' dir='ltr'>aedi-</span> 
     </span>
    </p>
   </div>
   <div class='ocr_carea' id='block_1_4' title="bbox 383 3684 1525 4536">
    <p class='ocr_par' dir='ltr' id='par_1_4' title="bbox 383 3684 1525 4536">
     <span class='ocr_line' id='line_1_29' title="bbox 453 3684 1523 3772; baseline 0.006 -21"><span class='ocrx_word' id='word_1_213' title='bbox 453 3703 604 3771; x_wconf 78' lang='lat' dir='ltr'>ln&#39;nmago</span> <span class='ocrx_word' id='word_1_214' title='bbox 623 3707 673 3755; x_wconf 73' lang='lat' dir='ltr'>Hv.</span> <span class='ocrx_word' id='word_1_215' title='bbox 698 3703 710 3772; x_wconf 96' lang='grc' dir='ltr'>Η</span> <span class='ocrx_word' id='word_1_216' title='bbox 738 3708 839 3757; x_wconf 88' lang='lat' dir='ltr'>5cura</span> <span class='ocrx_word' id='word_1_217' title='bbox 862 3684 935 3769; x_wconf 83' lang='lat' dir='ltr'>(scil.¹</span> <span class='ocrx_word' id='word_1_218' title='bbox 951 3706 1062 3755; x_wconf 87' lang='lat' dir='ltr'>effectus</span> <span class='ocrx_word' id='word_1_219' title='bbox 1084 3705 1241 3771; x_wconf 84' lang='lat' dir='ltr'>propositi).</span> <span class='ocrx_word' id='word_1_220' title='bbox 1265 3703 1277 3771; x_wconf 95' lang='grc' dir='ltr'>Η</span> <span class='ocrx_word' id='word_1_221' title='bbox 1304 3708 1467 3771; x_wconf 71' lang='lat' dir='ltr'>iracioque</span> <span class='ocrx_word' id='word_1_222' title='bbox 1494 3707 1523 3768; x_wconf 88' lang='lat' dir='ltr'>G,</span> 
     </span>
     <span class='ocr_line' id='line_1_30' title="bbox 384 3787 1525 3856; baseline 0.002 -18"><span class='ocrx_word' id='word_1_223' title='bbox 384 3792 486 3854; x_wconf 85' lang='lat' dir='ltr'>ratioq;</span> <span class='ocrx_word' id='word_1_224' title='bbox 504 3791 533 3838; x_wconf 89' lang='lat' dir='ltr'><em>H</em></span> <span class='ocrx_word' id='word_1_225' title='bbox 543 3790 587 3854; x_wconf 79' lang='lat' dir='ltr'>(L,</span> <span class='ocrx_word' id='word_1_226' title='bbox 608 3792 714 3840; x_wconf 86' lang='lat' dir='ltr'>ratione</span> <span class='ocrx_word' id='word_1_227' title='bbox 726 3789 842 3855; x_wconf 81' lang='lat' dir='ltr'>Ppoblc).</span> <span class='ocrx_word' id='word_1_228' title='bbox 865 3788 876 3856; x_wconf 94' lang='grc' dir='ltr'>Η</span> <span class='ocrx_word' id='word_1_229' title='bbox 900 3793 915 3842; x_wconf 93' lang='grc'>8</span> <span class='ocrx_word' id='word_1_230' title='bbox 934 3790 1157 3856; x_wconf 86' lang='lat' dir='ltr'>dispositionum:</span> <span class='ocrx_word' id='word_1_231' title='bbox 1175 3794 1212 3841; x_wconf 78' lang='lat' dir='ltr'>sic</span> <span class='ocrx_word' id='word_1_232' title='bbox 1226 3793 1284 3842; x_wconf 85' lang='lat' dir='ltr'>GH.</span> <span class='ocrx_word' id='word_1_233' title='bbox 1308 3787 1321 3856; x_wconf 95' lang='grc' dir='ltr'>Η</span> <span class='ocrx_word' id='word_1_234' title='bbox 1344 3792 1525 3855; x_wconf 85' lang='lat' dir='ltr'>9eurythmia</span> 
     </span>
     <span class='ocr_line' id='line_1_31' title="bbox 385 3871 1523 3941; baseline 0 -17"><span class='ocrx_word' id='word_1_235' title='bbox 385 3876 444 3928; x_wconf 85' lang='lat' dir='ltr'>GH,</span> <span class='ocrx_word' id='word_1_236' title='bbox 472 3871 484 3940; x_wconf 91' lang='grc' dir='ltr'>Η</span> <span class='ocrx_word' id='word_1_237' title='bbox 514 3877 544 3923; x_wconf 92' lang='grc'>11</span> <span class='ocrx_word' id='word_1_238' title='bbox 569 3875 760 3925; x_wconf 89' lang='lat' dir='ltr'>convenientis</span> <span class='ocrx_word' id='word_1_239' title='bbox 787 3893 846 3940; x_wconf 71' lang='lat' dir='ltr'>epo:</span> <span class='ocrx_word' id='word_1_240' title='bbox 881 3877 1076 3926; x_wconf 87' lang='lat' dir='ltr'>convenientia</span> <span class='ocrx_word' id='word_1_241' title='bbox 1104 3877 1164 3927; x_wconf 87' lang='lat' dir='ltr'>GH.</span> <span class='ocrx_word' id='word_1_242' title='bbox 1193 3874 1205 3941; x_wconf 98' lang='grc' dir='ltr'>Η</span> <span class='ocrx_word' id='word_1_243' title='bbox 1234 3879 1265 3925; x_wconf 74' lang='grc'>12</span> <span class='ocrx_word' id='word_1_244' title='bbox 1292 3876 1461 3941; x_wconf 87' lang='lat' dir='ltr'>respondent</span> <span class='ocrx_word' id='word_1_245' title='bbox 1489 3877 1523 3925; x_wconf 92' lang='lat' dir='ltr'>G:</span> 
     </span>
     <span class='ocr_line' id='line_1_32' title="bbox 384 3956 1525 4026; baseline -0.001 -16"><span class='ocrx_word' id='word_1_246' title='bbox 384 3960 501 4010; x_wconf 87' lang='lat' dir='ltr'>-deant</span> <span class='ocrx_word' id='word_1_247' title='bbox 519 3961 548 4008; x_wconf 87' lang='lat' dir='ltr'><em>H</em></span> <span class='ocrx_word' id='word_1_248' title='bbox 567 3957 646 4021; x_wconf 84' lang='lat' dir='ltr'>(Llc).</span> <span class='ocrx_word' id='word_1_249' title='bbox 670 3956 681 4025; x_wconf 95' lang='grc' dir='ltr'>Η</span> <span class='ocrx_word' id='word_1_250' title='bbox 710 3961 741 4008; x_wconf 87' lang='grc'>16</span> <span class='ocrx_word' id='word_1_251' title='bbox 760 3965 819 4026; x_wconf 74' lang='lat' dir='ltr'>rate</span> <span class='ocrx_word' id='word_1_252' title='bbox 841 3961 873 4010; x_wconf 87' lang='lat' dir='ltr'>G:</span> <span class='ocrx_word' id='word_1_253' title='bbox 898 3961 956 4025; x_wconf 73' lang='lat' dir='ltr'>late</span> <span class='ocrx_word' id='word_1_254' title='bbox 975 3962 1004 4010; x_wconf 94' lang='lat' dir='ltr'><em>H</em></span> <span class='ocrx_word' id='word_1_255' title='bbox 1023 3960 1111 4024; x_wconf 76' lang='lat' dir='ltr'>(Puer,</span> <span class='ocrx_word' id='word_1_256' title='bbox 1130 3960 1187 4011; x_wconf 87' lang='lat' dir='ltr'>late</span> <span class='ocrx_word' id='word_1_257' title='bbox 1205 3961 1291 4025; x_wconf 81' lang='lat' dir='ltr'>Llpv).</span> <span class='ocrx_word' id='word_1_258' title='bbox 1315 3957 1327 4025; x_wconf 95' lang='grc' dir='ltr'>Η</span> <span class='ocrx_word' id='word_1_259' title='bbox 1356 3964 1387 4010; x_wconf 81' lang='grc'>17</span> <span class='ocrx_word' id='word_1_260' title='bbox 1411 3977 1525 4024; x_wconf 87' lang='lat' dir='ltr'>symme-</span> 
     </span>
     <span class='ocr_line' id='line_1_33' title="bbox 383 4042 1523 4112; baseline 0.004 -19"><span class='ocrx_word' id='word_1_261' title='bbox 383 4054 438 4095; x_wconf 88' lang='lat' dir='ltr'>tros</span> <span class='ocrx_word' id='word_1_262' title='bbox 459 4046 492 4095; x_wconf 90' lang='lat' dir='ltr'>G:</span> <span class='ocrx_word' id='word_1_263' title='bbox 517 4046 662 4095; x_wconf 86' lang='lat' dir='ltr'>sinmetros</span> <span class='ocrx_word' id='word_1_264' title='bbox 681 4047 709 4094; x_wconf 88' lang='lat' dir='ltr'><em>H</em></span> <span class='ocrx_word' id='word_1_265' title='bbox 722 4042 801 4108; x_wconf 86' lang='lat' dir='ltr'>(Llc).</span> <span class='ocrx_word' id='word_1_266' title='bbox 826 4042 839 4112; x_wconf 95' lang='grc' dir='ltr'>Η</span> <span class='ocrx_word' id='word_1_267' title='bbox 864 4047 896 4096; x_wconf 89' lang='lat'>18</span> <span class='ocrx_word' id='word_1_268' title='bbox 912 4053 973 4110; x_wconf 84' lang='lat' dir='ltr'>post</span> <span class='ocrx_word' id='word_1_269' title='bbox 990 4047 1209 4110; x_wconf 83' lang='lat' dir='ltr'>perfectionibus</span> <span class='ocrx_word' id='word_1_270' title='bbox 1226 4047 1329 4096; x_wconf 71' lang='lat' dir='ltr'>rubrica</span> <span class='ocrx_word' id='word_1_271' title='bbox 1348 4048 1374 4094; x_wconf 87' lang='lat' dir='ltr'>tn</span> <span class='ocrx_word' id='word_1_272' title='bbox 1393 4046 1450 4095; x_wconf 90' lang='lat' dir='ltr'>GH.</span> <span class='ocrx_word' id='word_1_273' title='bbox 1479 4061 1523 4098; x_wconf 92' lang='lat'>111.</span> 
     </span>
     <span class='ocr_line' id='line_1_34' title="bbox 383 4127 1524 4195; baseline 0 -15"><span class='ocrx_word' id='word_1_274' title='bbox 383 4132 424 4180; x_wconf 89' lang='lat' dir='ltr'>De</span> <span class='ocrx_word' id='word_1_275' title='bbox 442 4130 556 4180; x_wconf 85' lang='lat' dir='ltr'>aedibus</span> <span class='ocrx_word' id='word_1_276' title='bbox 576 4130 664 4180; x_wconf 85' lang='lat' dir='ltr'>sacris</span> <span class='ocrx_word' id='word_1_277' title='bbox 688 4127 746 4194; x_wconf 83' lang='lat' dir='ltr'>(scd</span> <span class='ocrx_word' id='word_1_278' title='bbox 762 4133 816 4181; x_wconf 83' lang='lat' dir='ltr'>sine</span> <span class='ocrx_word' id='word_1_279' title='bbox 839 4147 903 4183; x_wconf 81' lang='lat' dir='ltr'>num.</span> <span class='ocrx_word' id='word_1_280' title='bbox 922 4132 972 4194; x_wconf 82' lang='lat' dir='ltr'>H).</span> <span class='ocrx_word' id='word_1_281' title='bbox 1001 4128 1013 4195; x_wconf 96' lang='grc' dir='ltr'>Η</span> <span class='ocrx_word' id='word_1_282' title='bbox 1039 4134 1073 4181; x_wconf 75' lang='grc'>20</span> <span class='ocrx_word' id='word_1_283' title='bbox 1092 4133 1215 4190; x_wconf 85' lang='lat' dir='ltr'>embate,</span> <span class='ocrx_word' id='word_1_284' title='bbox 1240 4131 1335 4181; x_wconf 87' lang='lat' dir='ltr'>sedet</span> <span class='ocrx_word' id='word_1_285' title='bbox 1359 4130 1524 4180; x_wconf 81' lang='lat' dir='ltr'>ballistaee</span> 
     </span>
     <span class='ocr_line' id='line_1_35' title="bbox 385 4212 1525 4279; baseline 0.002 -17"><span class='ocrx_word' id='word_1_286' title='bbox 385 4214 515 4263; x_wconf 87' lang='lat' dir='ltr'>foramine</span> <span class='ocrx_word' id='word_1_287' title='bbox 534 4230 595 4278; x_wconf 71' lang='lat' dir='ltr'>epo:</span> <span class='ocrx_word' id='word_1_288' title='bbox 615 4217 755 4266; x_wconf 85' lang='lat' dir='ltr'>embatere</span> <span class='ocrx_word' id='word_1_289' title='bbox 774 4215 908 4264; x_wconf 81' lang='lat' dir='ltr'>ballistae</span> <span class='ocrx_word' id='word_1_290' title='bbox 928 4212 1074 4279; x_wconf 79' lang='lat' dir='ltr'>(ballistae</span> <span class='ocrx_word' id='word_1_291' title='bbox 1093 4219 1129 4276; x_wconf 88' lang='lat' dir='ltr'>H,</span> <span class='ocrx_word' id='word_1_292' title='bbox 1149 4215 1250 4266; x_wconf 79' lang='lat' dir='ltr'>baliste</span> <span class='ocrx_word' id='word_1_293' title='bbox 1266 4216 1297 4279; x_wconf 94' lang='lat' dir='ltr'>G)</span> <span class='ocrx_word' id='word_1_294' title='bbox 1323 4216 1458 4265; x_wconf 86' lang='lat' dir='ltr'>foramine</span> <span class='ocrx_word' id='word_1_295' title='bbox 1477 4216 1525 4266; x_wconf 92' lang='lat' dir='ltr'>GH</span> 
     </span>
     <span class='ocr_line' id='line_1_36' title="bbox 386 4295 1524 4373; baseline 0.001 -28"><span class='ocrx_word' id='word_1_296' title='bbox 386 4295 476 4359; x_wconf 68' lang='lat' dir='ltr'>(fuerit</span> <span class='ocrx_word' id='word_1_297' title='bbox 496 4301 550 4346; x_wconf 81' lang='lat' dir='ltr'>scil.</span> <span class='ocrx_word' id='word_1_298' title='bbox 572 4301 599 4348; x_wconf 81' lang='lat' dir='ltr'>in</span> <span class='ocrx_word' id='word_1_299' title='bbox 616 4301 756 4371; x_wconf 75' lang='lat' dir='ltr'>archetypo</span> <span class='ocrx_word' id='word_1_300' title='bbox 780 4307 1005 4350; x_wconf 78' lang='lat' dir='ltr'>emnorer’enann</span> <span class='ocrx_word' id='word_1_301' title='bbox 1092 4304 1109 4353; x_wconf 84' lang='lat' dir='ltr'>i.</span> <span class='ocrx_word' id='word_1_302' title='bbox 1133 4319 1155 4351; x_wconf 86' lang='lat' dir='ltr'>e.</span> <span class='ocrx_word' id='word_1_303' title='bbox 1177 4301 1311 4352; x_wconf 68' lang='lat' dir='ltr'>embates</span> <span class='ocrx_word' id='word_1_304' title='bbox 1324 4299 1437 4364; x_wconf 74' lang='lat' dir='ltr'>ebali).</span> <span class='ocrx_word' id='word_1_305' title='bbox 1460 4296 1472 4365; x_wconf 93' lang='grc' dir='ltr'>Η</span> <span class='ocrx_word' id='word_1_306' title='bbox 1494 4299 1524 4373; x_wconf 71' lang='lat'>21</span> 
     </span>
     <span class='ocr_line' id='line_1_37' title="bbox 385 4381 1525 4452; baseline 0.003 -22"><span class='ocrx_word' id='word_1_307' title='bbox 385 4397 546 4446; x_wconf 81' lang='grc' dir='ltr'><em>περιτρημα</em></span> <span class='ocrx_word' id='word_1_308' title='bbox 565 4383 678 4446; x_wconf 71' lang='lat' dir='ltr'>Krichty:</span> <span class='ocrx_word' id='word_1_309' title='bbox 696 4389 846 4448; x_wconf 84' lang='lat' dir='ltr'>peritreton</span> <span class='ocrx_word' id='word_1_310' title='bbox 866 4384 925 4437; x_wconf 83' lang='lat' dir='ltr'>GH.</span> <span class='ocrx_word' id='word_1_311' title='bbox 938 4382 950 4452; x_wconf 94' lang='grc' dir='ltr'>Η</span> <span class='ocrx_word' id='word_1_312' title='bbox 963 4387 1043 4436; x_wconf 88' lang='lat' dir='ltr'>navis</span> <span class='ocrx_word' id='word_1_313' title='bbox 1060 4403 1119 4451; x_wconf 67' lang='lat' dir='ltr'>epo:</span> <span class='ocrx_word' id='word_1_314' title='bbox 1149 4386 1250 4450; x_wconf 82' lang='lat' dir='ltr'>Nav1b3</span> <span class='ocrx_word' id='word_1_315' title='bbox 1271 4386 1329 4435; x_wconf 92' lang='lat' dir='ltr'>GH.</span> <span class='ocrx_word' id='word_1_316' title='bbox 1344 4381 1355 4450; x_wconf 96' lang='grc' dir='ltr'>Η</span> <span class='ocrx_word' id='word_1_317' title='bbox 1367 4386 1440 4434; x_wconf 87' lang='lat' dir='ltr'>inter</span> <span class='ocrx_word' id='word_1_318' title='bbox 1459 4383 1525 4434; x_wconf 81' lang='lat' dir='ltr'>scal·</span> 
     </span>
     <span class='ocr_line' id='line_1_38' title="bbox 385 4465 1524 4536; baseline 0.004 -22"><span class='ocrx_word' id='word_1_319' title='bbox 385 4466 438 4516; x_wconf 90' lang='lat' dir='ltr'>mio</span> <span class='ocrx_word' id='word_1_320' title='bbox 458 4466 510 4515; x_wconf 87' lang='lat' dir='ltr'>GH</span> <span class='ocrx_word' id='word_1_321' title='bbox 522 4465 565 4528; x_wconf 81' lang='lat' dir='ltr'>(L,</span> <span class='ocrx_word' id='word_1_322' title='bbox 584 4466 764 4533; x_wconf 86' lang='lat' dir='ltr'>interscalpio</span> <span class='ocrx_word' id='word_1_323' title='bbox 778 4470 894 4534; x_wconf 83' lang='lat' dir='ltr'>vablc).</span> <span class='ocrx_word' id='word_1_324' title='bbox 916 4466 928 4536; x_wconf 92' lang='grc' dir='ltr'>Η</span> <span class='ocrx_word' id='word_1_325' title='bbox 952 4473 985 4520; x_wconf 74' lang='lat'>&#39;22</span> <span class='ocrx_word' id='word_1_326' title='bbox 998 4471 1069 4536; x_wconf 88' lang='lat' dir='ltr'>quod</span> <span class='ocrx_word' id='word_1_327' title='bbox 1082 4470 1234 4535; x_wconf 76' lang='grc' dir='ltr'><em>διαπηγμα</em></span> <span class='ocrx_word' id='word_1_328' title='bbox 1250 4484 1310 4534; x_wconf 71' lang='lat' dir='ltr'>epo:</span> <span class='ocrx_word' id='word_1_329' title='bbox 1331 4485 1402 4534; x_wconf 83' lang='lat' dir='ltr'>quae</span> <span class='ocrx_word' id='word_1_330' title='bbox 1416 4469 1479 4535; x_wconf 70' lang='lat' dir='ltr'>(quq</span> <span class='ocrx_word' id='word_1_331' title='bbox 1494 4467 1524 4530; x_wconf 91' lang='lat' dir='ltr'>G)</span> 
     </span>
    </p>
   </div>
   <div class='ocr_carea' id='block_1_5' title="bbox 385 4554 1526 4637">
    <p class='ocr_par' dir='ltr' id='par_1_5' title="bbox 385 4554 1526 4637">
     <span class='ocr_line' id='line_1_39' title="bbox 385 4554 1526 4637; baseline 0.004 -23"><span class='ocrx_word' id='word_1_332' title='bbox 385 4566 550 4629; x_wconf 83' lang='lat' dir='ltr'>drphecraca</span> <span class='ocrx_word' id='word_1_333' title='bbox 570 4567 620 4615; x_wconf 89' lang='lat' dir='ltr'>GH</span> <span class='ocrx_word' id='word_1_334' title='bbox 638 4568 738 4631; x_wconf 78' lang='lat' dir='ltr'>(Lpbtc,</span> <span class='ocrx_word' id='word_1_335' title='bbox 757 4586 819 4634; x_wconf 90' lang='lat' dir='ltr'>qnae</span> <span class='ocrx_word' id='word_1_336' title='bbox 833 4572 971 4622; x_wconf 85' lang='lat' dir='ltr'>drfecraca</span> <span class='ocrx_word' id='word_1_337' title='bbox 983 4572 1042 4636; x_wconf 83' lang='lat' dir='ltr'>Po).</span> <span class='ocrx_word' id='word_1_338' title='bbox 1058 4570 1070 4637; x_wconf 97' lang='grc' dir='ltr'>Η</span> <span class='ocrx_word' id='word_1_339' title='bbox 1092 4575 1125 4623; x_wconf 75' lang='lat'>23</span> <span class='ocrx_word' id='word_1_340' title='bbox 1148 4557 1317 4635; x_wconf 73' lang='lat' dir='ltr'>synmdrndih</span> <span class='ocrx_word' id='word_1_341' title='bbox 1337 4572 1374 4620; x_wconf 80' lang='lat' dir='ltr'>H.</span> <span class='ocrx_word' id='word_1_342' title='bbox 1399 4568 1410 4637; x_wconf 96' lang='grc' dir='ltr'>Η</span> <span class='ocrx_word' id='word_1_343' title='bbox 1433 4574 1466 4622; x_wconf 78' lang='lat'>25</span> <span class='ocrx_word' id='word_1_344' title='bbox 1479 4554 1526 4621; x_wconf 78' lang='lat' dir='ltr'>aut</span> 
     </span>
    </p>
   </div>
   <div class='ocr_carea' id='block_1_6' title="bbox 387 4646 1525 4802">
    <p class='ocr_par' dir='ltr' id='par_1_6' title="bbox 387 4646 1525 4802">
     <span class='ocr_line' id='line_1_40' title="bbox 387 4646 1525 4725; baseline 0.007 -29"><span class='ocrx_word' id='word_1_345' title='bbox 387 4646 501 4713; x_wconf 83' lang='lat' dir='ltr'>(autem)</span> <span class='ocrx_word' id='word_1_346' title='bbox 524 4656 583 4699; x_wconf 84' lang='lat' dir='ltr'>ante</span> <span class='ocrx_word' id='word_1_347' title='bbox 606 4666 666 4699; x_wconf 89' lang='lat' dir='ltr'>cum</span> <span class='ocrx_word' id='word_1_348' title='bbox 688 4655 749 4702; x_wconf 83' lang='lat' dir='ltr'>add.</span> <span class='ocrx_word' id='word_1_349' title='bbox 775 4657 815 4706; x_wconf 83' lang='lat' dir='ltr'>G⁶.</span> <span class='ocrx_word' id='word_1_350' title='bbox 840 4653 851 4720; x_wconf 95' lang='grc' dir='ltr'>Η</span> <span class='ocrx_word' id='word_1_351' title='bbox 875 4658 908 4706; x_wconf 75' lang='grc'>26</span> <span class='ocrx_word' id='word_1_352' title='bbox 925 4655 1096 4725; x_wconf 56' lang='lat' dir='ltr'>depereunti</span> <span class='ocrx_word' id='word_1_353' title='bbox 1120 4672 1180 4720; x_wconf 72' lang='lat' dir='ltr'>eqo:</span> <span class='ocrx_word' id='word_1_354' title='bbox 1210 4657 1386 4707; x_wconf 83' lang='lat' dir='ltr'>thematismo</span> <span class='ocrx_word' id='word_1_355' title='bbox 1407 4657 1458 4706; x_wconf 89' lang='lat' dir='ltr'>GH</span> <span class='ocrx_word' id='word_1_356' title='bbox 1480 4653 1525 4719; x_wconf 77' lang='lat' dir='ltr'>(cf.</span> 
     </span>
     <span class='ocr_line' id='line_1_41' title="bbox 387 4731 1182 4802; baseline 0.016 -21"><span class='ocrx_word' id='word_1_357' title='bbox 387 4731 460 4782; x_wconf 76' lang='lat' dir='ltr'>Sext.</span> <span class='ocrx_word' id='word_1_358' title='bbox 479 4748 541 4796; x_wconf 82' lang='lat' dir='ltr'>emp.</span> <span class='ocrx_word' id='word_1_359' title='bbox 561 4736 618 4784; x_wconf 84' lang='lat' dir='ltr'>ado.</span> <span class='ocrx_word' id='word_1_360' title='bbox 636 4738 710 4788; x_wconf 79' lang='lat' dir='ltr'>ntatlt.</span> <span class='ocrx_word' id='word_1_361' title='bbox 728 4739 753 4799; x_wconf 89' lang='lat' dir='ltr'>I,</span> <span class='ocrx_word' id='word_1_362' title='bbox 774 4741 844 4802; x_wconf 75' lang='lat'><strong><em>149).</em></strong></span> <span class='ocrx_word' id='word_1_363' title='bbox 1035 4755 1037 4759; x_wconf 85' lang='lat'>·</span> <span class='ocrx_word' id='word_1_364' title='bbox 1181 4768 1182 4771; x_wconf 41' lang='lat'>¹</span> 
     </span>
    </p>
   </div>
   <div class='ocr_carea' id='block_1_7' title="bbox 0 0 1898 5625">
    <p class='ocr_par' dir='ltr' id='par_1_7' title="bbox 0 0 1898 5625">
     <span class='ocr_line' id='line_1_42' title="bbox 0 0 1898 5625; baseline 0 0"><span class='ocrx_word' id='word_1_365' title='bbox 0 0 1898 5625; x_wconf 95' lang='lat' dir='ltr'> </span> 
     </span>
    </p>
   </div>
  </div>
 </body>
</html>
