<?xml version="1.0" encoding="UTF-8"?>
<!DOCTYPE html PUBLIC "-//W3C//DTD XHTML 1.0 Transitional//EN"
    "http://www.w3.org/TR/xhtml1/DTD/xhtml1-transitional.dtd">
<html xmlns="http://www.w3.org/1999/xhtml" xml:lang="en" lang="en">
 <head>
  <title>
</title>
<meta http-equiv="Content-Type" content="text/html;charset=utf-8" />
  <meta name='ocr-system' content='tesseract 3.04.00' />
  <meta name='ocr-capabilities' content='ocr_page ocr_carea ocr_par ocr_line ocrx_word'/>
</head>
<body>
  <div class='ocr_page' id='page_1' title='image "./vitruviidearchi01strgoog_0053.png"; bbox 0 0 3784 5625; ppageno 0'>
   <div class='ocr_carea' id='block_1_1' title="bbox 691 653 1511 717">
    <p class='ocr_par' dir='ltr' id='par_1_1' title="bbox 691 653 1511 717">
     <span class='ocr_line' id='line_1_1' title="bbox 691 653 1511 717; baseline 0.006 -5"><span class='ocrx_word' id='word_1_1' title='bbox 691 666 739 713; x_wconf 84' lang='lat' dir='ltr'>nn</span> <span class='ocrx_word' id='word_1_2' title='bbox 762 665 1031 716; x_wconf 75' lang='lat' dir='ltr'>naomrnoruaa</span> <span class='ocrx_word' id='word_1_3' title='bbox 1054 667 1123 713; x_wconf 82' lang='lat' dir='ltr'>nm.</span> <span class='ocrx_word' id='word_1_4' title='bbox 1148 668 1184 713; x_wconf 87' lang='lat'>11.</span> <span class='ocrx_word' id='word_1_5' title='bbox 1469 653 1511 717; x_wconf 83' lang='lat'>35</span> 
     </span>
    </p>
   </div>
   <div class='ocr_carea' id='block_1_2' title="bbox 329 817 1579 3642">
    <p class='ocr_par' dir='ltr' id='par_1_2' title="bbox 362 817 1545 1411">
     <span class='ocr_line' id='line_1_2' title="bbox 367 817 1509 905; baseline 0.003 -24"><span class='ocrx_word' id='word_1_6' title='bbox 367 817 540 882; x_wconf 83' lang='lat' dir='ltr'><strong>arboribus</strong></span> <span class='ocrx_word' id='word_1_7' title='bbox 570 826 749 882; x_wconf 83' lang='lat' dir='ltr'>statuentes</span> <span class='ocrx_word' id='word_1_8' title='bbox 777 820 820 881; x_wconf 90' lang='lat' dir='ltr'>ad</span> <span class='ocrx_word' id='word_1_9' title='bbox 848 818 1117 905; x_wconf 77' lang='lat' dir='ltr'>perpendiculum</span> <span class='ocrx_word' id='word_1_10' title='bbox 1145 820 1283 883; x_wconf 92' lang='lat' dir='ltr'>imarum</span> <span class='ocrx_word' id='word_1_11' title='bbox 1306 821 1447 884; x_wconf 90' lang='lat' dir='ltr'>educunt</span> <span class='ocrx_word' id='word_1_12' title='bbox 1468 822 1509 884; x_wconf 90' lang='lat' dir='ltr'>ad</span> 
     </span>
     <span class='ocr_line' id='line_1_3' title="bbox 363 916 1513 1009; baseline 0.003 -27"><span class='ocrx_word' id='word_1_13' title='bbox 363 916 572 984; x_wconf 80' lang='lat' dir='ltr'>altitudinem</span> <span class='ocrx_word' id='word_1_14' title='bbox 594 928 718 1001; x_wconf 86' lang='lat' dir='ltr'>turres,</span> <span class='ocrx_word' id='word_1_15' title='bbox 749 919 1000 1006; x_wconf 78' lang='lat' dir='ltr'>intervallaque,</span> <span class='ocrx_word' id='word_1_16' title='bbox 1030 942 1111 1006; x_wconf 86' lang='lat' dir='ltr'>quae</span> <span class='ocrx_word' id='word_1_17' title='bbox 1132 919 1358 1006; x_wconf 89' lang='lat' dir='ltr'>relinquuntur</span> <span class='ocrx_word' id='word_1_18' title='bbox 1379 932 1513 1009; x_wconf 90' lang='lat' dir='ltr'>propter</span> 
     </span>
     <span class='ocr_line' id='line_1_4' title="bbox 364 1020 1510 1106; baseline 0.002 -23"><span class='ocrx_word' id='word_1_19' title='bbox 364 1020 616 1085; x_wconf 89' lang='lat' dir='ltr'>crassitudinem</span> <span class='ocrx_word' id='word_1_20' title='bbox 631 1024 796 1104; x_wconf 87' lang='lat' dir='ltr'>materiae,</span> <span class='ocrx_word' id='word_1_21' title='bbox 819 1020 956 1085; x_wconf 79' lang='lat' dir='ltr'>schidiis</span> <span class='ocrx_word' id='word_1_22' title='bbox 972 1030 1004 1084; x_wconf 93' lang='lat' dir='ltr'>et</span> <span class='ocrx_word' id='word_1_23' title='bbox 1018 1021 1087 1085; x_wconf 91' lang='lat' dir='ltr'>luto</span> <span class='ocrx_word' id='word_1_24' title='bbox 1102 1021 1289 1085; x_wconf 78' lang='lat' dir='ltr'>obstruunt</span> <span class='ocrx_word' id='word_1_25' title='bbox 1319 1023 1398 1087; x_wconf 92' lang='lat' dir='ltr'>item</span> <span class='ocrx_word' id='word_1_26' title='bbox 1413 1032 1510 1106; x_wconf 77' lang='lat' dir='ltr'>tecta,</span> 
     </span>
     <span class='ocr_line' id='line_1_5' title="bbox 362 1121 1509 1207; baseline 0.001 -21"><span class='ocrx_word' id='word_1_27' title='bbox 362 1121 545 1186; x_wconf 84' lang='lat' dir='ltr'>recidentes</span> <span class='ocrx_word' id='word_1_28' title='bbox 573 1123 615 1186; x_wconf 91' lang='lat' dir='ltr'>ab</span> <span class='ocrx_word' id='word_1_29' title='bbox 644 1132 789 1188; x_wconf 85' lang='lat' dir='ltr'>extremo</span> <span class='ocrx_word' id='word_1_30' title='bbox 817 1132 975 1206; x_wconf 76' lang='lat' dir='ltr'>transtra,</span> <span class='ocrx_word' id='word_1_31' title='bbox 1010 1124 1167 1186; x_wconf 89' lang='lat' dir='ltr'>traiciunt</span> <span class='ocrx_word' id='word_1_32' title='bbox 1194 1124 1358 1207; x_wconf 85' lang='lat' dir='ltr'>gradatim</span> <span class='ocrx_word' id='word_1_33' title='bbox 1385 1136 1509 1189; x_wconf 89' lang='lat' dir='ltr'>contra·</span> 
     </span>
     <span class='ocr_line' id='line_1_6' title="bbox 363 1221 1545 1310; baseline 0.002 -25"><span class='ocrx_word' id='word_1_34' title='bbox 363 1222 495 1306; x_wconf 85' lang='lat' dir='ltr'>hentes‚</span> <span class='ocrx_word' id='word_1_35' title='bbox 527 1233 559 1287; x_wconf 90' lang='lat' dir='ltr'>et</span> <span class='ocrx_word' id='word_1_36' title='bbox 582 1226 628 1288; x_wconf 89' lang='lat' dir='ltr'>ita</span> <span class='ocrx_word' id='word_1_37' title='bbox 650 1246 692 1287; x_wconf 88' lang='lat' dir='ltr'>ex</span> <span class='ocrx_word' id='word_1_38' title='bbox 715 1233 868 1310; x_wconf 89' lang='lat' dir='ltr'>quattuor</span> <span class='ocrx_word' id='word_1_39' title='bbox 894 1221 1043 1310; x_wconf 90' lang='lat' dir='ltr'>partibus</span> <span class='ocrx_word' id='word_1_40' title='bbox 1071 1223 1114 1286; x_wconf 91' lang='lat' dir='ltr'>ad</span> <span class='ocrx_word' id='word_1_41' title='bbox 1140 1223 1347 1288; x_wconf 87' lang='lat' dir='ltr'>altitudinem</span> <span class='ocrx_word' id='word_1_42' title='bbox 1370 1225 1545 1290; x_wconf 77' lang='lat' dir='ltr'>educunts</span> 
     </span>
     <span class='ocr_line' id='line_1_7' title="bbox 363 1324 1511 1411; baseline 0.003 -24"><span class='ocrx_word' id='word_1_43' title='bbox 363 1324 471 1399; x_wconf 81' lang='lat' dir='ltr'>medio</span> <span class='ocrx_word' id='word_1_44' title='bbox 493 1335 608 1407; x_wconf 79' lang='lat' dir='ltr'>metas,</span> <span class='ocrx_word' id='word_1_45' title='bbox 632 1348 711 1411; x_wconf 92' lang='lat' dir='ltr'>quas</span> <span class='ocrx_word' id='word_1_46' title='bbox 734 1324 850 1389; x_wconf 92' lang='lat' dir='ltr'>fronde</span> <span class='ocrx_word' id='word_1_47' title='bbox 873 1334 905 1388; x_wconf 91' lang='lat' dir='ltr'>et</span> <span class='ocrx_word' id='word_1_48' title='bbox 925 1324 994 1388; x_wconf 91' lang='lat' dir='ltr'>luto</span> <span class='ocrx_word' id='word_1_49' title='bbox 1015 1333 1163 1409; x_wconf 87' lang='lat' dir='ltr'>tegentes</span> <span class='ocrx_word' id='word_1_50' title='bbox 1179 1325 1326 1390; x_wconf 89' lang='lat' dir='ltr'>efficiunt</span> <span class='ocrx_word' id='word_1_51' title='bbox 1340 1326 1511 1391; x_wconf 89' lang='lat' dir='ltr'>barbarico</span> 
     </span>
    </p>

    <p class='ocr_par' dir='ltr' id='par_1_3' title="bbox 330 1424 1579 2932">
     <span class='ocr_line' id='line_1_8' title="bbox 330 1424 1510 1513; baseline 0.001 -24"><span class='ocrx_word' id='word_1_52' title='bbox 330 1440 346 1489; x_wconf 83' lang='lat'>5</span> <span class='ocrx_word' id='word_1_53' title='bbox 363 1448 454 1491; x_wconf 91' lang='lat' dir='ltr'>more</span> <span class='ocrx_word' id='word_1_54' title='bbox 469 1427 670 1497; x_wconf 84' lang='lat' dir='ltr'>testudinata</span> <span class='ocrx_word' id='word_1_55' title='bbox 685 1428 823 1490; x_wconf 91' lang='lat' dir='ltr'>turrium</span> <span class='ocrx_word' id='word_1_56' title='bbox 838 1435 934 1490; x_wconf 90' lang='lat' dir='ltr'>tecta.</span> <span class='ocrx_word' id='word_1_57' title='bbox 972 1424 1121 1513; x_wconf 86' lang='lat' dir='ltr'>Phryges</span> <span class='ocrx_word' id='word_1_58' title='bbox 1138 1448 1228 1509; x_wconf 76' lang='lat' dir='ltr'>vero,</span> <span class='ocrx_word' id='word_1_59' title='bbox 1251 1428 1308 1513; x_wconf 94' lang='lat' dir='ltr'>qui</span> <span class='ocrx_word' id='word_1_60' title='bbox 1323 1429 1510 1513; x_wconf 89' lang='lat' dir='ltr'>campestri-</span> 
     </span>
     <span class='ocr_line' id='line_1_9' title="bbox 364 1526 1510 1615; baseline 0.003 -24"><span class='ocrx_word' id='word_1_61' title='bbox 364 1528 425 1591; x_wconf 86' lang='lat' dir='ltr'>bus</span> <span class='ocrx_word' id='word_1_62' title='bbox 448 1526 528 1591; x_wconf 91' lang='lat' dir='ltr'>locis</span> <span class='ocrx_word' id='word_1_63' title='bbox 552 1537 627 1592; x_wconf 92' lang='lat' dir='ltr'>sunt</span> <span class='ocrx_word' id='word_1_64' title='bbox 648 1528 849 1610; x_wconf 84' lang='lat' dir='ltr'>habitantes,</span> <span class='ocrx_word' id='word_1_65' title='bbox 877 1537 1011 1615; x_wconf 89' lang='lat' dir='ltr'>propter</span> <span class='ocrx_word' id='word_1_66' title='bbox 1032 1528 1176 1613; x_wconf 91' lang='lat' dir='ltr'>inopiam</span> <span class='ocrx_word' id='word_1_67' title='bbox 1199 1527 1356 1606; x_wconf 83' lang='lat' dir='ltr'>silvarum</span> <span class='ocrx_word' id='word_1_68' title='bbox 1373 1539 1510 1613; x_wconf 36' lang='lat' dir='ltr'>‚egentes</span> 
     </span>
     <span class='ocr_line' id='line_1_10' title="bbox 366 1628 1509 1715; baseline 0.001 -21"><span class='ocrx_word' id='word_1_69' title='bbox 366 1632 503 1715; x_wconf 89' lang='lat' dir='ltr'>materia</span> <span class='ocrx_word' id='word_1_70' title='bbox 526 1628 651 1713; x_wconf 86' lang='lat' dir='ltr'>eligunt</span> <span class='ocrx_word' id='word_1_71' title='bbox 673 1628 814 1694; x_wconf 88' lang='lat' dir='ltr'>tumulos</span> <span class='ocrx_word' id='word_1_72' title='bbox 837 1628 1001 1694; x_wconf 85' lang='lat' dir='ltr'>naturales</span> <span class='ocrx_word' id='word_1_73' title='bbox 1025 1651 1144 1715; x_wconf 89' lang='lat' dir='ltr'>eosque</span> <span class='ocrx_word' id='word_1_74' title='bbox 1159 1628 1284 1693; x_wconf 91' lang='lat' dir='ltr'>medios</span> <span class='ocrx_word' id='word_1_75' title='bbox 1300 1631 1429 1695; x_wconf 90' lang='lat' dir='ltr'>fossura</span> <span class='ocrx_word' id='word_1_76' title='bbox 1445 1630 1509 1695; x_wconf 90' lang='lat' dir='ltr'>dis-</span> 
     </span>
     <span class='ocr_line' id='line_1_11' title="bbox 363 1730 1562 1824; baseline -0.003 -29"><span class='ocrx_word' id='word_1_77' title='bbox 363 1733 504 1795; x_wconf 90' lang='lat' dir='ltr'>tinentes</span> <span class='ocrx_word' id='word_1_78' title='bbox 529 1739 560 1794; x_wconf 90' lang='lat' dir='ltr'>et</span> <span class='ocrx_word' id='word_1_79' title='bbox 582 1732 701 1795; x_wconf 89' lang='lat' dir='ltr'>itinera</span> <span class='ocrx_word' id='word_1_80' title='bbox 729 1730 948 1817; x_wconf 85' lang='lat' dir='ltr'>perfodientes</span> <span class='ocrx_word' id='word_1_81' title='bbox 977 1730 1116 1795; x_wconf 89' lang='lat' dir='ltr'>dilatant</span> <span class='ocrx_word' id='word_1_82' title='bbox 1144 1732 1249 1817; x_wconf 88' lang='lat' dir='ltr'>spatia</span> <span class='ocrx_word' id='word_1_83' title='bbox 1277 1742 1433 1824; x_wconf 77' lang='lat' dir='ltr'>quantum</span> <span class='ocrx_word' id='word_1_84' title='bbox 1454 1754 1510 1795; x_wconf 91' lang='lat' dir='ltr'>na·</span> <span class='ocrx_word' id='word_1_85' title='bbox 1531 1746 1562 1793; x_wconf 91' lang='lat'>10</span> 
     </span>
     <span class='ocr_line' id='line_1_12' title="bbox 363 1832 1510 1919; baseline 0.001 -22"><span class='ocrx_word' id='word_1_86' title='bbox 363 1843 437 1897; x_wconf 89' lang='lat' dir='ltr'>tura</span> <span class='ocrx_word' id='word_1_87' title='bbox 458 1832 522 1896; x_wconf 93' lang='lat' dir='ltr'>loci</span> <span class='ocrx_word' id='word_1_88' title='bbox 543 1833 677 1919; x_wconf 91' lang='lat' dir='ltr'>patitur.</span> <span class='ocrx_word' id='word_1_89' title='bbox 721 1834 855 1918; x_wconf 89' lang='lat' dir='ltr'>insuper</span> <span class='ocrx_word' id='word_1_90' title='bbox 876 1843 986 1896; x_wconf 90' lang='lat' dir='ltr'>autem</span> <span class='ocrx_word' id='word_1_91' title='bbox 1014 1833 1141 1918; x_wconf 88' lang='lat' dir='ltr'>stipites</span> <span class='ocrx_word' id='word_1_92' title='bbox 1169 1833 1255 1895; x_wconf 91' lang='lat' dir='ltr'>inter</span> <span class='ocrx_word' id='word_1_93' title='bbox 1277 1854 1313 1896; x_wconf 88' lang='lat' dir='ltr'>se</span> <span class='ocrx_word' id='word_1_94' title='bbox 1334 1833 1510 1919; x_wconf 81' lang='lat' dir='ltr'>religantes</span> 
     </span>
     <span class='ocr_line' id='line_1_13' title="bbox 363 1932 1510 2019; baseline 0.003 -23"><span class='ocrx_word' id='word_1_95' title='bbox 363 1941 466 1998; x_wconf 91' lang='lat' dir='ltr'>metas</span> <span class='ocrx_word' id='word_1_96' title='bbox 490 1933 647 2015; x_wconf 85' lang='lat' dir='ltr'>efficiunt,</span> <span class='ocrx_word' id='word_1_97' title='bbox 672 1956 751 2019; x_wconf 89' lang='lat' dir='ltr'>quas</span> <span class='ocrx_word' id='word_1_98' title='bbox 773 1932 1012 1998; x_wconf 88' lang='lat' dir='ltr'>harundinibus</span> <span class='ocrx_word' id='word_1_99' title='bbox 1036 1942 1068 1996; x_wconf 92' lang='lat' dir='ltr'>et</span> <span class='ocrx_word' id='word_1_100' title='bbox 1091 1934 1262 1997; x_wconf 89' lang='lat' dir='ltr'>sarmentis</span> <span class='ocrx_word' id='word_1_101' title='bbox 1284 1944 1431 2019; x_wconf 90' lang='lat' dir='ltr'>tegentes</span> <span class='ocrx_word' id='word_1_102' title='bbox 1455 1959 1510 1999; x_wconf 88' lang='lat' dir='ltr'>ex-</span> 
     </span>
     <span class='ocr_line' id='line_1_14' title="bbox 363 2033 1512 2120; baseline 0.003 -21"><span class='ocrx_word' id='word_1_103' title='bbox 363 2045 521 2120; x_wconf 84' lang='lat' dir='ltr'>aggerant</span> <span class='ocrx_word' id='word_1_104' title='bbox 549 2052 645 2120; x_wconf 86' lang='lat' dir='ltr'>supra</span> <span class='ocrx_word' id='word_1_105' title='bbox 673 2033 891 2099; x_wconf 89' lang='lat' dir='ltr'>habitationes</span> <span class='ocrx_word' id='word_1_106' title='bbox 920 2056 937 2097; x_wconf 91' lang='lat' dir='ltr'>e</span> <span class='ocrx_word' id='word_1_107' title='bbox 964 2045 1051 2099; x_wconf 89' lang='lat' dir='ltr'>terra</span> <span class='ocrx_word' id='word_1_108' title='bbox 1084 2036 1244 2101; x_wconf 86' lang='lat' dir='ltr'>maximos</span> <span class='ocrx_word' id='word_1_109' title='bbox 1278 2058 1444 2119; x_wconf 87' lang='lat' dir='ltr'>grumos..</span> <span class='ocrx_word' id='word_1_110' title='bbox 1465 2038 1512 2102; x_wconf 89' lang='lat' dir='ltr'>ita</span> 
     </span>
     <span class='ocr_line' id='line_1_15' title="bbox 363 2134 1511 2219; baseline 0.001 -19"><span class='ocrx_word' id='word_1_111' title='bbox 363 2136 487 2201; x_wconf 89' lang='lat' dir='ltr'>hiemes</span> <span class='ocrx_word' id='word_1_112' title='bbox 511 2134 739 2218; x_wconf 85' lang='lat' dir='ltr'>calidissimas,</span> <span class='ocrx_word' id='word_1_113' title='bbox 762 2145 902 2200; x_wconf 88' lang='lat' dir='ltr'>aestates</span> <span class='ocrx_word' id='word_1_114' title='bbox 926 2136 1158 2219; x_wconf 87' lang='lat' dir='ltr'>frigidissimas</span> <span class='ocrx_word' id='word_1_115' title='bbox 1182 2136 1329 2201; x_wconf 88' lang='lat' dir='ltr'>efficiunt</span> <span class='ocrx_word' id='word_1_116' title='bbox 1350 2147 1511 2203; x_wconf 90' lang='lat' dir='ltr'>tectorum</span> 
     </span>
     <span class='ocr_line' id='line_1_16' title="bbox 363 2235 1579 2331; baseline -0.002 -29"><span class='ocrx_word' id='word_1_117' title='bbox 363 2239 516 2302; x_wconf 89' lang='lat' dir='ltr'>rationes.</span> <span class='ocrx_word' id='word_1_118' title='bbox 553 2235 702 2301; x_wconf 86' lang='lat' dir='ltr'>nonnulli</span> <span class='ocrx_word' id='word_1_119' title='bbox 724 2259 767 2301; x_wconf 86' lang='lat' dir='ltr'>ex</span> <span class='ocrx_word' id='word_1_120' title='bbox 787 2236 864 2300; x_wconf 85' lang='lat' dir='ltr'>ulva</span> <span class='ocrx_word' id='word_1_121' title='bbox 886 2236 1026 2324; x_wconf 91' lang='lat' dir='ltr'>palustri</span> <span class='ocrx_word' id='word_1_122' title='bbox 1048 2246 1245 2323; x_wconf 91' lang='lat' dir='ltr'>componunt</span> <span class='ocrx_word' id='word_1_123' title='bbox 1267 2240 1397 2321; x_wconf 89' lang='lat' dir='ltr'>tuguria</span> <span class='ocrx_word' id='word_1_124' title='bbox 1412 2248 1509 2302; x_wconf 88' lang='lat' dir='ltr'>tecta.</span> <span class='ocrx_word' id='word_1_125' title='bbox 1532 2252 1579 2331; x_wconf 38' lang='lat'>15!</span> 
     </span>
     <span class='ocr_line' id='line_1_17' title="bbox 363 2337 1510 2425; baseline -0.002 -22"><span class='ocrx_word' id='word_1_126' title='bbox 363 2339 452 2425; x_wconf 91' lang='lat' dir='ltr'>apud</span> <span class='ocrx_word' id='word_1_127' title='bbox 482 2347 607 2403; x_wconf 87' lang='lat' dir='ltr'>ceteras</span> <span class='ocrx_word' id='word_1_128' title='bbox 637 2360 764 2425; x_wconf 89' lang='lat' dir='ltr'>quoque</span> <span class='ocrx_word' id='word_1_129' title='bbox 793 2344 906 2423; x_wconf 80' lang='lat' dir='ltr'>&#39;gentes</span> <span class='ocrx_word' id='word_1_130' title='bbox 930 2348 963 2402; x_wconf 91' lang='lat' dir='ltr'>et</span> <span class='ocrx_word' id='word_1_131' title='bbox 984 2337 1140 2403; x_wconf 92' lang='lat' dir='ltr'>nonnulla</span> <span class='ocrx_word' id='word_1_132' title='bbox 1161 2337 1232 2402; x_wconf 94' lang='lat' dir='ltr'>loca</span> <span class='ocrx_word' id='word_1_133' title='bbox 1254 2339 1325 2423; x_wconf 90' lang='lat' dir='ltr'>pari</span> <span class='ocrx_word' id='word_1_134' title='bbox 1347 2338 1510 2425; x_wconf 91' lang='lat' dir='ltr'>similique</span> 
     </span>
     <span class='ocr_line' id='line_1_18' title="bbox 363 2439 1509 2526; baseline -0.002 -23"><span class='ocrx_word' id='word_1_135' title='bbox 363 2441 489 2503; x_wconf 87' lang='lat' dir='ltr'>ratione</span> <span class='ocrx_word' id='word_1_136' title='bbox 505 2462 653 2503; x_wconf 89' lang='lat' dir='ltr'>casarum</span> <span class='ocrx_word' id='word_1_137' title='bbox 668 2439 880 2526; x_wconf 90' lang='lat' dir='ltr'>perficiuntur</span> <span class='ocrx_word' id='word_1_138' title='bbox 903 2441 1164 2504; x_wconf 90' lang='lat' dir='ltr'>constitutiones.</span> <span class='ocrx_word' id='word_1_139' title='bbox 1208 2460 1273 2503; x_wconf 91' lang='lat' dir='ltr'>non</span> <span class='ocrx_word' id='word_1_140' title='bbox 1287 2440 1395 2503; x_wconf 90' lang='lat' dir='ltr'>minus</span> <span class='ocrx_word' id='word_1_141' title='bbox 1412 2441 1509 2503; x_wconf 91' lang='lat' dir='ltr'>etiam</span> 
     </span>
     <span class='ocr_line' id='line_1_19' title="bbox 364 2539 1509 2627; baseline -0.003 -21"><span class='ocrx_word' id='word_1_142' title='bbox 364 2541 532 2606; x_wconf 89' lang='lat' dir='ltr'>Massiliae</span> <span class='ocrx_word' id='word_1_143' title='bbox 553 2540 814 2605; x_wconf 83' lang='lat' dir='ltr'>animadvertere</span> <span class='ocrx_word' id='word_1_144' title='bbox 836 2564 1008 2627; x_wconf 90' lang='lat' dir='ltr'>possumus</span> <span class='ocrx_word' id='word_1_145' title='bbox 1031 2542 1102 2603; x_wconf 87' lang='lat' dir='ltr'>sine</span> <span class='ocrx_word' id='word_1_146' title='bbox 1124 2539 1415 2624; x_wconf 74' lang='lat' dir='ltr'>tegulis‚.subacta</span> <span class='ocrx_word' id='word_1_147' title='bbox 1437 2563 1509 2603; x_wconf 85' lang='lat' dir='ltr'>eum</span> 
     </span>
     <span class='ocr_line' id='line_1_20' title="bbox 364 2640 1512 2729; baseline -0.003 -23"><span class='ocrx_word' id='word_1_148' title='bbox 364 2641 466 2729; x_wconf 89' lang='lat' dir='ltr'>paleis</span> <span class='ocrx_word' id='word_1_149' title='bbox 489 2653 593 2725; x_wconf 84' lang='lat' dir='ltr'>terra,</span> <span class='ocrx_word' id='word_1_150' title='bbox 623 2652 719 2706; x_wconf 90' lang='lat' dir='ltr'>tecta.</span> <span class='ocrx_word' id='word_1_151' title='bbox 764 2642 904 2705; x_wconf 89' lang='lat' dir='ltr'>Athenis</span> <span class='ocrx_word' id='word_1_152' title='bbox 927 2642 1321 2729; x_wconf 81' lang='lat' dir='ltr'>Areopagiantiquitatis</span> <span class='ocrx_word' id='word_1_153' title='bbox 1344 2640 1512 2727; x_wconf 87' lang='lat' dir='ltr'>exemplar</span> 
     </span>
     <span class='ocr_line' id='line_1_21' title="bbox 363 2742 1562 2832; baseline -0.002 -25"><span class='ocrx_word' id='word_1_154' title='bbox 363 2744 406 2807; x_wconf 91' lang='lat' dir='ltr'>ad</span> <span class='ocrx_word' id='word_1_155' title='bbox 421 2744 483 2808; x_wconf 92' lang='lat' dir='ltr'>hoc</span> <span class='ocrx_word' id='word_1_156' title='bbox 498 2753 625 2832; x_wconf 90' lang='lat' dir='ltr'>tempus</span> <span class='ocrx_word' id='word_1_157' title='bbox 641 2743 709 2808; x_wconf 90' lang='lat' dir='ltr'>luto</span> <span class='ocrx_word' id='word_1_158' title='bbox 725 2753 856 2807; x_wconf 90' lang='lat' dir='ltr'>tectum.</span> <span class='ocrx_word' id='word_1_159' title='bbox 901 2744 981 2807; x_wconf 91' lang='lat' dir='ltr'>item</span> <span class='ocrx_word' id='word_1_160' title='bbox 1000 2745 1036 2806; x_wconf 90' lang='lat' dir='ltr'>in</span> <span class='ocrx_word' id='word_1_161' title='bbox 1051 2742 1213 2832; x_wconf 78' lang='lat' dir='ltr'>Capitolio</span> <span class='ocrx_word' id='word_1_162' title='bbox 1235 2744 1510 2808; x_wconf 87' lang='lat' dir='ltr'>commonefacere</span> <span class='ocrx_word' id='word_1_163' title='bbox 1529 2756 1562 2805; x_wconf 77' lang='lat'>20</span> 
     </span>
     <span class='ocr_line' id='line_1_22' title="bbox 363 2845 1511 2932; baseline -0.001 -21"><span class='ocrx_word' id='word_1_164' title='bbox 363 2855 472 2932; x_wconf 88' lang='lat' dir='ltr'>potest</span> <span class='ocrx_word' id='word_1_165' title='bbox 495 2855 527 2911; x_wconf 88' lang='lat' dir='ltr'>et</span> <span class='ocrx_word' id='word_1_166' title='bbox 550 2846 736 2931; x_wconf 89' lang='lat' dir='ltr'>significare</span> <span class='ocrx_word' id='word_1_167' title='bbox 757 2867 862 2910; x_wconf 91' lang='lat' dir='ltr'>mores</span> <span class='ocrx_word' id='word_1_168' title='bbox 886 2847 1060 2911; x_wconf 88' lang='lat' dir='ltr'>vetustatis</span> <span class='ocrx_word' id='word_1_169' title='bbox 1077 2845 1208 2910; x_wconf 89' lang='lat' dir='ltr'>Romuli</span> <span class='ocrx_word' id='word_1_170' title='bbox 1230 2868 1305 2910; x_wconf 89' lang='lat' dir='ltr'>casa</span> <span class='ocrx_word' id='word_1_171' title='bbox 1327 2856 1359 2910; x_wconf 88' lang='lat' dir='ltr'>et</span> <span class='ocrx_word' id='word_1_172' title='bbox 1381 2848 1415 2910; x_wconf 92' lang='lat' dir='ltr'>in</span> <span class='ocrx_word' id='word_1_173' title='bbox 1436 2868 1511 2910; x_wconf 89' lang='lat' dir='ltr'>arce</span> 
     </span>
    </p>

    <p class='ocr_par' dir='ltr' id='par_1_4' title="bbox 329 2937 1510 3214">
     <span class='ocr_line' id='line_1_23' title="bbox 329 2937 1509 3034; baseline -0.003 -21"><span class='ocrx_word' id='word_1_174' title='bbox 329 2937 527 3013; x_wconf 77' lang='lat' dir='ltr'>esacrorum</span> <span class='ocrx_word' id='word_1_175' title='bbox 552 2949 736 3012; x_wconf 90' lang='lat' dir='ltr'>stramentis</span> <span class='ocrx_word' id='word_1_176' title='bbox 760 2956 855 3011; x_wconf 89' lang='lat' dir='ltr'>tecta.</span> <span class='ocrx_word' id='word_1_177' title='bbox 900 2949 947 3012; x_wconf 91' lang='lat' dir='ltr'>ita</span> <span class='ocrx_word' id='word_1_178' title='bbox 969 2949 1019 3011; x_wconf 92' lang='lat' dir='ltr'>his</span> <span class='ocrx_word' id='word_1_179' title='bbox 1043 2950 1147 3033; x_wconf 88' lang='lat' dir='ltr'>signis</span> <span class='ocrx_word' id='word_1_180' title='bbox 1170 2948 1210 3012; x_wconf 91' lang='lat' dir='ltr'>de</span> <span class='ocrx_word' id='word_1_181' title='bbox 1232 2949 1374 3034; x_wconf 90' lang='lat' dir='ltr'>antiquis</span> <span class='ocrx_word' id='word_1_182' title='bbox 1397 2949 1509 3011; x_wconf 88' lang='lat' dir='ltr'>inven-</span> 
     </span>
     <span class='ocr_line' id='line_1_24' title="bbox 362 3047 1510 3135; baseline 0.001 -22"><span class='ocrx_word' id='word_1_183' title='bbox 362 3050 507 3114; x_wconf 89' lang='lat' dir='ltr'>tionibus</span> <span class='ocrx_word' id='word_1_184' title='bbox 542 3049 765 3115; x_wconf 88' lang='lat' dir='ltr'>aedificiorum</span> <span class='ocrx_word' id='word_1_185' title='bbox 797 3050 845 3112; x_wconf 91' lang='lat' dir='ltr'>sic</span> <span class='ocrx_word' id='word_1_186' title='bbox 872 3071 910 3112; x_wconf 88' lang='lat' dir='ltr'>ea</span> <span class='ocrx_word' id='word_1_187' title='bbox 937 3047 1040 3113; x_wconf 87' lang='lat' dir='ltr'>fuisse</span> <span class='ocrx_word' id='word_1_188' title='bbox 1074 3051 1306 3114; x_wconf 89' lang='lat' dir='ltr'>ratiocinantes</span> <span class='ocrx_word' id='word_1_189' title='bbox 1338 3071 1510 3135; x_wconf 90' lang='lat' dir='ltr'>possumus</span> 
     </span>
     <span class='ocr_line' id='line_1_25' title="bbox 362 3151 519 3214; baseline 0 0"><span class='ocrx_word' id='word_1_190' title='bbox 362 3151 519 3214; x_wconf 88' lang='lat' dir='ltr'>iudicare.</span> 
     </span>
    </p>

    <p class='ocr_par' dir='ltr' id='par_1_5' title="bbox 363 3249 1561 3642">
     <span class='ocr_line' id='line_1_26' title="bbox 451 3249 1561 3330; baseline -0.002 -14"><span class='ocrx_word' id='word_1_191' title='bbox 451 3251 535 3330; x_wconf 81' lang='lat' dir='ltr'>Cum</span> <span class='ocrx_word' id='word_1_192' title='bbox 562 3262 670 3315; x_wconf 90' lang='lat' dir='ltr'>autem</span> <span class='ocrx_word' id='word_1_193' title='bbox 700 3251 821 3317; x_wconf 89' lang='lat' dir='ltr'>cotidie</span> <span class='ocrx_word' id='word_1_194' title='bbox 847 3251 998 3315; x_wconf 87' lang='lat' dir='ltr'>faciendo</span> <span class='ocrx_word' id='word_1_195' title='bbox 1025 3253 1169 3316; x_wconf 88' lang='lat' dir='ltr'>tritiores</span> <span class='ocrx_word' id='word_1_196' title='bbox 1197 3273 1311 3314; x_wconf 90' lang='lat' dir='ltr'>manus</span> <span class='ocrx_word' id='word_1_197' title='bbox 1334 3249 1376 3313; x_wconf 92' lang='lat' dir='ltr'>ad</span> <span class='ocrx_word' id='word_1_198' title='bbox 1398 3249 1509 3314; x_wconf 91' lang='lat' dir='ltr'>aedifi·</span> <span class='ocrx_word' id='word_1_199' title='bbox 1528 3265 1561 3314; x_wconf 80' lang='grc'>25</span> 
     </span>
     <span class='ocr_line' id='line_1_27' title="bbox 365 3351 1509 3440; baseline -0.002 -24"><span class='ocrx_word' id='word_1_200' title='bbox 365 3351 505 3416; x_wconf 90' lang='lat' dir='ltr'>candum</span> <span class='ocrx_word' id='word_1_201' title='bbox 532 3352 746 3440; x_wconf 86' lang='lat' dir='ltr'>perfecissent</span> <span class='ocrx_word' id='word_1_202' title='bbox 775 3362 807 3416; x_wconf 93' lang='lat' dir='ltr'>et</span> <span class='ocrx_word' id='word_1_203' title='bbox 834 3352 977 3417; x_wconf 90' lang='lat' dir='ltr'>sollertia</span> <span class='ocrx_word' id='word_1_204' title='bbox 999 3353 1131 3437; x_wconf 90' lang='lat' dir='ltr'>ingenia</span> <span class='ocrx_word' id='word_1_205' title='bbox 1153 3352 1334 3428; x_wconf 84' lang='lat' dir='ltr'>exercendo</span> <span class='ocrx_word' id='word_1_206' title='bbox 1356 3373 1415 3437; x_wconf 92' lang='lat' dir='ltr'>per</span> <span class='ocrx_word' id='word_1_207' title='bbox 1432 3373 1509 3415; x_wconf 89' lang='lat' dir='ltr'>con-</span> 
     </span>
     <span class='ocr_line' id='line_1_28' title="bbox 364 3453 1511 3541; baseline -0.003 -22"><span class='ocrx_word' id='word_1_208' title='bbox 364 3454 574 3519; x_wconf 88' lang='lat' dir='ltr'>suetudinem</span> <span class='ocrx_word' id='word_1_209' title='bbox 602 3455 644 3518; x_wconf 92' lang='lat' dir='ltr'>ad</span> <span class='ocrx_word' id='word_1_210' title='bbox 672 3465 759 3519; x_wconf 89' lang='lat' dir='ltr'>artes</span> <span class='ocrx_word' id='word_1_211' title='bbox 788 3456 1037 3541; x_wconf 78' lang='lat' dir='ltr'>pervenissent,</span> <span class='ocrx_word' id='word_1_212' title='bbox 1064 3464 1134 3517; x_wconf 92' lang='lat' dir='ltr'>tum</span> <span class='ocrx_word' id='word_1_213' title='bbox 1162 3456 1260 3518; x_wconf 90' lang='lat' dir='ltr'>etiam</span> <span class='ocrx_word' id='word_1_214' title='bbox 1286 3453 1448 3518; x_wconf 89' lang='lat' dir='ltr'>industria</span> <span class='ocrx_word' id='word_1_215' title='bbox 1476 3455 1511 3516; x_wconf 91' lang='lat' dir='ltr'>in</span> 
     </span>
     <span class='ocr_line' id='line_1_29' title="bbox 363 3553 1510 3642; baseline -0.002 -22"><span class='ocrx_word' id='word_1_216' title='bbox 363 3557 483 3620; x_wconf 88' lang='lat' dir='ltr'>animis</span> <span class='ocrx_word' id='word_1_217' title='bbox 511 3578 622 3620; x_wconf 92' lang='lat' dir='ltr'>eorum</span> <span class='ocrx_word' id='word_1_218' title='bbox 649 3554 777 3620; x_wconf 91' lang='lat' dir='ltr'>adiecta</span> <span class='ocrx_word' id='word_1_219' title='bbox 803 3556 941 3642; x_wconf 87' lang='lat' dir='ltr'>perfecit</span> <span class='ocrx_word' id='word_1_220' title='bbox 967 3565 1004 3618; x_wconf 93' lang='lat' dir='ltr'>ut</span> <span class='ocrx_word' id='word_1_221' title='bbox 1026 3557 1083 3640; x_wconf 89' lang='lat' dir='ltr'>qui</span> <span class='ocrx_word' id='word_1_222' title='bbox 1105 3554 1236 3618; x_wconf 85' lang='lat' dir='ltr'>fuerunt</span> <span class='ocrx_word' id='word_1_223' title='bbox 1257 3555 1292 3618; x_wconf 92' lang='lat' dir='ltr'>in</span> <span class='ocrx_word' id='word_1_224' title='bbox 1313 3553 1365 3619; x_wconf 92' lang='lat' dir='ltr'>his</span> <span class='ocrx_word' id='word_1_225' title='bbox 1388 3555 1510 3619; x_wconf 91' lang='lat' dir='ltr'>studio-</span> 
     </span>
    </p>
   </div>
   <div class='ocr_carea' id='block_1_3' title="bbox 366 3856 1512 4773">
    <p class='ocr_par' dir='ltr' id='par_1_6' title="bbox 366 3856 1512 4773">
     <span class='ocr_line' id='line_1_30' title="bbox 368 3856 1511 3932; baseline -0.003 -18"><span class='ocrx_word' id='word_1_226' title='bbox 368 3856 372 3860; x_wconf 63' lang='grc'><strong>’</strong></span> <span class='ocrx_word' id='word_1_227' title='bbox 434 3867 451 3914; x_wconf 86' lang='grc'><strong>3</strong></span> <span class='ocrx_word' id='word_1_228' title='bbox 469 3863 598 3915; x_wconf 84' lang='lat' dir='ltr'>schidiis:</span> <span class='ocrx_word' id='word_1_229' title='bbox 616 3867 653 3915; x_wconf 83' lang='lat' dir='ltr'>sic</span> <span class='ocrx_word' id='word_1_230' title='bbox 667 3866 725 3919; x_wconf 83' lang='lat' dir='ltr'>GH.</span> <span class='ocrx_word' id='word_1_231' title='bbox 743 3862 754 3932; x_wconf 86' lang='grc' dir='ltr'>ΙΙ</span> <span class='ocrx_word' id='word_1_232' title='bbox 769 3867 785 3916; x_wconf 90' lang='grc'>4</span> <span class='ocrx_word' id='word_1_233' title='bbox 799 3866 833 3916; x_wconf 90' lang='lat' dir='ltr'>ab</span> <span class='ocrx_word' id='word_1_234' title='bbox 848 3870 969 3915; x_wconf 84' lang='lat' dir='ltr'>extremo</span> <span class='ocrx_word' id='word_1_235' title='bbox 983 3879 1043 3929; x_wconf 77' lang='lat' dir='ltr'>epo:</span> <span class='ocrx_word' id='word_1_236' title='bbox 1063 3864 1235 3914; x_wconf 79' lang='lat' dir='ltr'>adextremos</span> <span class='ocrx_word' id='word_1_237' title='bbox 1255 3863 1313 3914; x_wconf 79' lang='lat' dir='ltr'>GH,</span> <span class='ocrx_word' id='word_1_238' title='bbox 1330 3859 1374 3929; x_wconf 81' lang='grc'>119</span> <span class='ocrx_word' id='word_1_239' title='bbox 1394 3862 1511 3912; x_wconf 88' lang='lat' dir='ltr'>materia</span> 
     </span>
     <span class='ocr_line' id='line_1_31' title="bbox 367 3944 1510 4015; baseline -0.004 -17"><span class='ocrx_word' id='word_1_240' title='bbox 367 3951 402 3998; x_wconf 85' lang='lat' dir='ltr'>G:</span> <span class='ocrx_word' id='word_1_241' title='bbox 421 3949 557 4000; x_wconf 83' lang='lat' dir='ltr'>materiae</span> <span class='ocrx_word' id='word_1_242' title='bbox 577 3951 605 3998; x_wconf 88' lang='lat' dir='ltr'><em>H</em></span> <span class='ocrx_word' id='word_1_243' title='bbox 623 3949 701 4015; x_wconf 84' lang='lat' dir='ltr'>(Llc).</span> <span class='ocrx_word' id='word_1_244' title='bbox 725 3946 738 4015; x_wconf 82' lang='lat' dir='ltr'>ll</span> <span class='ocrx_word' id='word_1_245' title='bbox 762 3966 861 4015; x_wconf 87' lang='lat' dir='ltr'>corque</span> <span class='ocrx_word' id='word_1_246' title='bbox 875 3949 908 4014; x_wconf 66' lang='lat'>(5³)</span> <span class='ocrx_word' id='word_1_247' title='bbox 927 3956 987 3999; x_wconf 83' lang='lat' dir='ltr'>ante</span> <span class='ocrx_word' id='word_1_248' title='bbox 1004 3965 1072 3999; x_wconf 85' lang='lat' dir='ltr'>corr.</span> <span class='ocrx_word' id='word_1_249' title='bbox 1094 3950 1156 4010; x_wconf 83' lang='lat' dir='ltr'>G(s</span> <span class='ocrx_word' id='word_1_250' title='bbox 1173 3951 1200 3997; x_wconf 84' lang='lat' dir='ltr'>in</span> <span class='ocrx_word' id='word_1_251' title='bbox 1217 3963 1269 3998; x_wconf 83' lang='lat' dir='ltr'>ras.</span> <span class='ocrx_word' id='word_1_252' title='bbox 1291 3947 1345 4010; x_wconf 76' lang='lat'>60).</span> <span class='ocrx_word' id='word_1_253' title='bbox 1366 3944 1379 4011; x_wconf 81' lang='grc' dir='ltr'>ΙΙ</span> <span class='ocrx_word' id='word_1_254' title='bbox 1401 3947 1510 3995; x_wconf 83' lang='lat' dir='ltr'>farsura</span> 
     </span>
     <span class='ocr_line' id='line_1_32' title="bbox 367 4019 1510 4099; baseline -0.004 -16"><span class='ocrx_word' id='word_1_255' title='bbox 367 4033 530 4096; x_wconf 60' lang='lat' dir='ltr'>Effossum</span> <span class='ocrx_word' id='word_1_256' title='bbox 549 4019 608 4096; x_wconf 61' lang='lat' dir='ltr'>fici:</span> <span class='ocrx_word' id='word_1_257' title='bbox 628 4034 754 4084; x_wconf 81' lang='lat' dir='ltr'>fossuras</span> <span class='ocrx_word' id='word_1_258' title='bbox 772 4034 852 4097; x_wconf 82' lang='lat' dir='ltr'>H(le‚</span> <span class='ocrx_word' id='word_1_259' title='bbox 872 4033 944 4081; x_wconf 76' lang='lat' dir='ltr'>-rdc</span> <span class='ocrx_word' id='word_1_260' title='bbox 968 4032 1011 4098; x_wconf 88' lang='lat' dir='ltr'>L).</span> <span class='ocrx_word' id='word_1_261' title='bbox 1035 4030 1047 4099; x_wconf 81' lang='grc' dir='ltr'>ΙΙ</span> <span class='ocrx_word' id='word_1_262' title='bbox 1071 4033 1235 4082; x_wconf 87' lang='lat' dir='ltr'>distinentes</span> <span class='ocrx_word' id='word_1_263' title='bbox 1252 4033 1329 4081; x_wconf 74' lang='lat' dir='ltr'>Lea:</span> <span class='ocrx_word' id='word_1_264' title='bbox 1353 4029 1510 4079; x_wconf 84' lang='lat' dir='ltr'>detinentes</span> 
     </span>
     <span class='ocr_line' id='line_1_33' title="bbox 367 4110 1512 4184; baseline -0.006 -16"><span class='ocrx_word' id='word_1_265' title='bbox 367 4117 427 4167; x_wconf 80' lang='lat' dir='ltr'>GH.</span> <span class='ocrx_word' id='word_1_266' title='bbox 451 4115 464 4184; x_wconf 74' lang='lat' dir='ltr'>ll</span> <span class='ocrx_word' id='word_1_267' title='bbox 492 4121 676 4182; x_wconf 78' lang='lat' dir='ltr'>loquantum</span> <span class='ocrx_word' id='word_1_268' title='bbox 700 4119 728 4167; x_wconf 90' lang='lat' dir='ltr'><em>H</em></span> <span class='ocrx_word' id='word_1_269' title='bbox 747 4117 831 4181; x_wconf 86' lang='lat' dir='ltr'>(Llc):</span> <span class='ocrx_word' id='word_1_270' title='bbox 856 4119 1016 4180; x_wconf 87' lang='lat' dir='ltr'>inquantum</span> <span class='ocrx_word' id='word_1_271' title='bbox 1036 4117 1065 4166; x_wconf 81' lang='lat'>6.</span> <span class='ocrx_word' id='word_1_272' title='bbox 1094 4113 1106 4182; x_wconf 75' lang='lat' dir='ltr'>[l</span> <span class='ocrx_word' id='word_1_273' title='bbox 1130 4118 1161 4164; x_wconf 92' lang='grc'>12</span> <span class='ocrx_word' id='word_1_274' title='bbox 1184 4131 1253 4181; x_wconf 89' lang='lat' dir='ltr'>quas</span> <span class='ocrx_word' id='word_1_275' title='bbox 1277 4115 1299 4164; x_wconf 81' lang='lat' dir='ltr'><em>G</em></span> <span class='ocrx_word' id='word_1_276' title='bbox 1321 4110 1385 4178; x_wconf 64' lang='lat' dir='ltr'>(laclz</span> <span class='ocrx_word' id='word_1_277' title='bbox 1410 4128 1464 4178; x_wconf 90' lang='lat' dir='ltr'>qua</span> <span class='ocrx_word' id='word_1_278' title='bbox 1482 4114 1512 4162; x_wconf 87' lang='lat' dir='ltr'><em>H</em></span> 
     </span>
     <span class='ocr_line' id='line_1_34' title="bbox 367 4196 1510 4268; baseline -0.001 -18"><span class='ocrx_word' id='word_1_279' title='bbox 367 4201 464 4266; x_wconf 71' lang='lat' dir='ltr'>(alca).</span> <span class='ocrx_word' id='word_1_280' title='bbox 488 4197 501 4267; x_wconf 81' lang='grc' dir='ltr'>ΙΙ</span> <span class='ocrx_word' id='word_1_281' title='bbox 524 4207 697 4268; x_wconf 83' lang='lat' dir='ltr'>exaggerant</span> <span class='ocrx_word' id='word_1_282' title='bbox 719 4203 755 4251; x_wconf 90' lang='lat' dir='ltr'>L:</span> <span class='ocrx_word' id='word_1_283' title='bbox 785 4202 994 4267; x_wconf 85' lang='lat' dir='ltr'>exaggerabant</span> <span class='ocrx_word' id='word_1_284' title='bbox 1017 4202 1068 4250; x_wconf 77' lang='lat' dir='ltr'>GH</span> <span class='ocrx_word' id='word_1_285' title='bbox 1086 4198 1139 4262; x_wconf 81' lang='lat' dir='ltr'>(lc).</span> <span class='ocrx_word' id='word_1_286' title='bbox 1164 4196 1176 4265; x_wconf 76' lang='grc' dir='ltr'>Η</span> <span class='ocrx_word' id='word_1_287' title='bbox 1205 4203 1235 4248; x_wconf 86' lang='grc'>13</span> <span class='ocrx_word' id='word_1_288' title='bbox 1257 4197 1451 4247; x_wconf 84' lang='lat' dir='ltr'>habitaciones</span> <span class='ocrx_word' id='word_1_289' title='bbox 1476 4197 1510 4249; x_wconf 79' lang='lat' dir='ltr'>G:</span> 
     </span>
     <span class='ocr_line' id='line_1_35' title="bbox 367 4276 1511 4352; baseline -0.006 -16"><span class='ocrx_word' id='word_1_290' title='bbox 367 4288 487 4336; x_wconf 87' lang='lat' dir='ltr'>-tion-is</span> <span class='ocrx_word' id='word_1_291' title='bbox 506 4287 535 4335; x_wconf 88' lang='lat' dir='ltr'><em>H</em></span> <span class='ocrx_word' id='word_1_292' title='bbox 553 4284 633 4352; x_wconf 82' lang='lat' dir='ltr'>(Llc).</span> <span class='ocrx_word' id='word_1_293' title='bbox 656 4283 669 4352; x_wconf 82' lang='grc' dir='ltr'>ΙΙ</span> <span class='ocrx_word' id='word_1_294' title='bbox 692 4302 799 4336; x_wconf 88' lang='lat' dir='ltr'>crumos</span> <span class='ocrx_word' id='word_1_295' title='bbox 819 4287 877 4338; x_wconf 81' lang='lat' dir='ltr'>GH.</span> <span class='ocrx_word' id='word_1_296' title='bbox 903 4284 914 4351; x_wconf 86' lang='grc' dir='ltr'>ΙΙ</span> <span class='ocrx_word' id='word_1_297' title='bbox 939 4288 971 4335; x_wconf 82' lang='grc'>14</span> <span class='ocrx_word' id='word_1_298' title='bbox 988 4285 1078 4334; x_wconf 87' lang='lat' dir='ltr'>hieme</span> <span class='ocrx_word' id='word_1_299' title='bbox 1164 4286 1273 4332; x_wconf 83' lang='lat' dir='ltr'>aestate</span> <span class='ocrx_word' id='word_1_300' title='bbox 1291 4283 1327 4331; x_wconf 71' lang='lat' dir='ltr'>lc.</span> <span class='ocrx_word' id='word_1_301' title='bbox 1349 4276 1361 4346; x_wconf 80' lang='grc' dir='ltr'>ΙΙ</span> <span class='ocrx_word' id='word_1_302' title='bbox 1390 4280 1511 4331; x_wconf 88' lang='lat' dir='ltr'>callidis-</span> 
     </span>
     <span class='ocr_line' id='line_1_36' title="bbox 367 4364 1510 4437; baseline -0.005 -17"><span class='ocrx_word' id='word_1_303' title='bbox 367 4372 453 4421; x_wconf 84' lang='lat' dir='ltr'>simss</span> <span class='ocrx_word' id='word_1_304' title='bbox 470 4379 531 4421; x_wconf 80' lang='lat' dir='ltr'>ante</span> <span class='ocrx_word' id='word_1_305' title='bbox 548 4385 601 4420; x_wconf 79' lang='lat' dir='ltr'>ras.</span> <span class='ocrx_word' id='word_1_306' title='bbox 620 4372 657 4421; x_wconf 89' lang='lat' dir='ltr'>H.</span> <span class='ocrx_word' id='word_1_307' title='bbox 681 4367 694 4436; x_wconf 84' lang='grc'>11</span> <span class='ocrx_word' id='word_1_308' title='bbox 717 4375 839 4421; x_wconf 85' lang='lat' dir='ltr'>aestates</span> <span class='ocrx_word' id='word_1_309' title='bbox 860 4370 888 4427; x_wconf 85' lang='lat' dir='ltr'>G,</span> <span class='ocrx_word' id='word_1_310' title='bbox 908 4371 1025 4419; x_wconf 86' lang='lat' dir='ltr'>aestatis</span> <span class='ocrx_word' id='word_1_311' title='bbox 1044 4370 1072 4417; x_wconf 93' lang='lat' dir='ltr'><em>H</em></span> <span class='ocrx_word' id='word_1_312' title='bbox 1090 4367 1168 4437; x_wconf 71' lang='lat' dir='ltr'>(He).</span> <span class='ocrx_word' id='word_1_313' title='bbox 1188 4364 1200 4431; x_wconf 87' lang='grc' dir='ltr'>ΙΙ</span> <span class='ocrx_word' id='word_1_314' title='bbox 1224 4366 1348 4416; x_wconf 89' lang='lat' dir='ltr'>efficiunt</span> <span class='ocrx_word' id='word_1_315' title='bbox 1368 4366 1404 4416; x_wconf 78' lang='lat' dir='ltr'>G:</span> <span class='ocrx_word' id='word_1_316' title='bbox 1422 4365 1510 4415; x_wconf 87' lang='lat' dir='ltr'>efficit</span> 
     </span>
     <span class='ocr_line' id='line_1_37' title="bbox 366 4447 1511 4521; baseline -0.007 -15"><span class='ocrx_word' id='word_1_317' title='bbox 366 4456 396 4505; x_wconf 86' lang='lat' dir='ltr'><em>H</em></span> <span class='ocrx_word' id='word_1_318' title='bbox 413 4456 497 4519; x_wconf 79' lang='lat' dir='ltr'>(hic).</span> <span class='ocrx_word' id='word_1_319' title='bbox 518 4451 530 4521; x_wconf 88' lang='grc' dir='ltr'>ΙΙ</span> <span class='ocrx_word' id='word_1_320' title='bbox 554 4456 586 4504; x_wconf 78' lang='grc'>15</span> <span class='ocrx_word' id='word_1_321' title='bbox 604 4455 709 4520; x_wconf 84' lang='lat' dir='ltr'>tiguria</span> <span class='ocrx_word' id='word_1_322' title='bbox 727 4461 785 4505; x_wconf 81' lang='lat' dir='ltr'>uate</span> <span class='ocrx_word' id='word_1_323' title='bbox 804 4470 872 4506; x_wconf 83' lang='lat' dir='ltr'>corr.</span> <span class='ocrx_word' id='word_1_324' title='bbox 891 4454 926 4502; x_wconf 91' lang='lat' dir='ltr'>H.</span> <span class='ocrx_word' id='word_1_325' title='bbox 952 4450 963 4517; x_wconf 88' lang='grc' dir='ltr'>ΙΙ</span> <span class='ocrx_word' id='word_1_326' title='bbox 988 4454 1018 4502; x_wconf 81' lang='lat'>19</span> <span class='ocrx_word' id='word_1_327' title='bbox 1031 4453 1159 4517; x_wconf 87' lang='lat' dir='ltr'>ariopagi</span> <span class='ocrx_word' id='word_1_328' title='bbox 1178 4451 1207 4502; x_wconf 85' lang='lat' dir='ltr'>G.</span> <span class='ocrx_word' id='word_1_329' title='bbox 1232 4447 1244 4511; x_wconf 81' lang='grc' dir='ltr'>ΙΙ</span> <span class='ocrx_word' id='word_1_330' title='bbox 1266 4452 1300 4500; x_wconf 86' lang='grc'>20</span> <span class='ocrx_word' id='word_1_331' title='bbox 1311 4464 1449 4499; x_wconf 89' lang='lat' dir='ltr'>commone</span> <span class='ocrx_word' id='word_1_332' title='bbox 1469 4449 1511 4498; x_wconf 86' lang='lat' dir='ltr'>fa-</span> 
     </span>
     <span class='ocr_line' id='line_1_38' title="bbox 367 4531 1509 4603; baseline -0.004 -15"><span class='ocrx_word' id='word_1_333' title='bbox 367 4555 430 4590; x_wconf 87' lang='lat' dir='ltr'>cere</span> <span class='ocrx_word' id='word_1_334' title='bbox 449 4537 693 4603; x_wconf 64' lang='lat' dir='ltr'>(calmonefacere</span> <span class='ocrx_word' id='word_1_335' title='bbox 714 4539 746 4602; x_wconf 80' lang='lat' dir='ltr'>G)</span> <span class='ocrx_word' id='word_1_336' title='bbox 767 4540 818 4590; x_wconf 86' lang='lat' dir='ltr'>GH</span> <span class='ocrx_word' id='word_1_337' title='bbox 837 4539 890 4599; x_wconf 73' lang='lat' dir='ltr'>(Lc,</span> <span class='ocrx_word' id='word_1_338' title='bbox 911 4552 1052 4586; x_wconf 89' lang='lat' dir='ltr'>commune</span> <span class='ocrx_word' id='word_1_339' title='bbox 1071 4537 1166 4586; x_wconf 86' lang='lat' dir='ltr'>facere</span> <span class='ocrx_word' id='word_1_340' title='bbox 1185 4539 1208 4586; x_wconf 86' lang='lat' dir='ltr'>lc</span> <span class='ocrx_word' id='word_1_341' title='bbox 1230 4543 1256 4584; x_wconf 81' lang='lat' dir='ltr'>et</span> <span class='ocrx_word' id='word_1_342' title='bbox 1273 4542 1333 4584; x_wconf 82' lang='lat' dir='ltr'>ante</span> <span class='ocrx_word' id='word_1_343' title='bbox 1351 4551 1418 4585; x_wconf 81' lang='lat' dir='ltr'>corr.</span> <span class='ocrx_word' id='word_1_344' title='bbox 1437 4533 1482 4598; x_wconf 86' lang='lat' dir='ltr'>L).</span> <span class='ocrx_word' id='word_1_345' title='bbox 1496 4531 1509 4598; x_wconf 77' lang='lat' dir='ltr'>ll</span> 
     </span>
     <span class='ocr_line' id='line_1_39' title="bbox 366 4616 1512 4689; baseline -0.006 -16"><span class='ocrx_word' id='word_1_346' title='bbox 366 4625 398 4674; x_wconf 83' lang='grc'>21</span> <span class='ocrx_word' id='word_1_347' title='bbox 416 4623 568 4676; x_wconf 84' lang='lat' dir='ltr'>vetustatis</span> <span class='ocrx_word' id='word_1_348' title='bbox 588 4623 670 4689; x_wconf 79' lang='lat' dir='ltr'>G(b):</span> <span class='ocrx_word' id='word_1_349' title='bbox 688 4627 765 4673; x_wconf 85' lang='lat' dir='ltr'>-tes</span> <span class='ocrx_word' id='word_1_350' title='bbox 785 4625 812 4673; x_wconf 89' lang='lat' dir='ltr'><em>H</em></span> <span class='ocrx_word' id='word_1_351' title='bbox 830 4620 907 4685; x_wconf 74' lang='lat' dir='ltr'>(Lis).</span> <span class='ocrx_word' id='word_1_352' title='bbox 929 4619 941 4687; x_wconf 79' lang='grc' dir='ltr'><strong>Η</strong></span> <span class='ocrx_word' id='word_1_353' title='bbox 963 4621 1130 4671; x_wconf 88' lang='lat' dir='ltr'>romulicosa</span> <span class='ocrx_word' id='word_1_354' title='bbox 1148 4628 1207 4670; x_wconf 86' lang='lat' dir='ltr'>ante</span> <span class='ocrx_word' id='word_1_355' title='bbox 1226 4636 1293 4670; x_wconf 85' lang='lat' dir='ltr'>corr.</span> <span class='ocrx_word' id='word_1_356' title='bbox 1315 4619 1344 4670; x_wconf 85' lang='lat' dir='ltr'>G.</span> <span class='ocrx_word' id='word_1_357' title='bbox 1373 4616 1385 4685; x_wconf 83' lang='grc' dir='ltr'>ΙΙ</span> <span class='ocrx_word' id='word_1_358' title='bbox 1412 4620 1445 4668; x_wconf 80' lang='lat'>25</span> <span class='ocrx_word' id='word_1_359' title='bbox 1463 4618 1512 4667; x_wconf 86' lang='lat' dir='ltr'>tri-</span> 
     </span>
     <span class='ocr_line' id='line_1_40' title="bbox 367 4702 1510 4773; baseline -0.005 -18"><span class='ocrx_word' id='word_1_360' title='bbox 367 4709 452 4761; x_wconf 83' lang='lat' dir='ltr'>tiores</span> <span class='ocrx_word' id='word_1_361' title='bbox 473 4707 508 4758; x_wconf 81' lang='lat' dir='ltr'>G:</span> <span class='ocrx_word' id='word_1_362' title='bbox 527 4707 637 4759; x_wconf 84' lang='lat' dir='ltr'>tritores</span> <span class='ocrx_word' id='word_1_363' title='bbox 656 4709 684 4757; x_wconf 91' lang='lat' dir='ltr'><em>H</em></span> <span class='ocrx_word' id='word_1_364' title='bbox 703 4706 781 4771; x_wconf 79' lang='lat' dir='ltr'>(Lte).</span> <span class='ocrx_word' id='word_1_365' title='bbox 802 4705 814 4773; x_wconf 74' lang='lat' dir='ltr'>ll</span> <span class='ocrx_word' id='word_1_366' title='bbox 837 4709 869 4756; x_wconf 83' lang='grc'>26</span> <span class='ocrx_word' id='word_1_367' title='bbox 888 4707 994 4771; x_wconf 83' lang='lat' dir='ltr'>ingenii</span> <span class='ocrx_word' id='word_1_368' title='bbox 1014 4706 1042 4755; x_wconf 78' lang='grc' dir='ltr'>(ι’.</span> <span class='ocrx_word' id='word_1_369' title='bbox 1068 4702 1080 4771; x_wconf 77' lang='grc' dir='ltr'>ΙΙ</span> <span class='ocrx_word' id='word_1_370' title='bbox 1103 4706 1136 4755; x_wconf 85' lang='grc'>28</span> <span class='ocrx_word' id='word_1_371' title='bbox 1154 4705 1291 4761; x_wconf 79' lang='lat' dir='ltr'>studiores</span> <span class='ocrx_word' id='word_1_372' title='bbox 1309 4711 1369 4753; x_wconf 80' lang='lat' dir='ltr'>ante</span> <span class='ocrx_word' id='word_1_373' title='bbox 1386 4718 1455 4752; x_wconf 85' lang='lat' dir='ltr'>corr.</span> <span class='ocrx_word' id='word_1_374' title='bbox 1476 4703 1510 4750; x_wconf 87' lang='lat' dir='ltr'>H.</span> 
     </span>
    </p>
   </div>
   <div class='ocr_carea' id='block_1_4' title="bbox 1264 4787 1310 4850">
    <p class='ocr_par' dir='ltr' id='par_1_7' title="bbox 1264 4787 1310 4850">
     <span class='ocr_line' id='line_1_41' title="bbox 1264 4787 1310 4850; baseline 0 -25"><span class='ocrx_word' id='word_1_375' title='bbox 1264 4787 1310 4850; x_wconf 71' lang='lat'>3*</span> 
     </span>
    </p>
   </div>
   <div class='ocr_carea' id='block_1_5' title="bbox 0 0 1896 5625">
    <p class='ocr_par' dir='ltr' id='par_1_8' title="bbox 0 0 1896 5625">
     <span class='ocr_line' id='line_1_42' title="bbox 0 0 1896 5625; baseline 0 0"><span class='ocrx_word' id='word_1_376' title='bbox 0 0 1896 5625; x_wconf 95' lang='lat' dir='ltr'> </span> 
     </span>
    </p>
   </div>
  </div>
 </body>
</html>
