3784 5625
380 646 444 711 204
869 663 1026 710 vrrauvrr

380 818 581 904 reperientur
603 818 794 898 varietates,
823 838 880 904 per
903 839 1038 902 quarum
1061 838 1161 881 venas
1189 838 1292 903 aquae
1314 817 1365 879 vis
1394 837 1525 901 percur-

380 940 453 982 rens
468 918 571 983 tincta
586 918 792 1005 pervenitad
814 919 953 983 fontium
970 940 1131 1003 egressus,
1155 920 1249 983 etita
1264 940 1307 982 ex
1322 940 1360 982 66
1377 917 1525 1005 dispares

380 1021 529 1107 variique
563 1021 776 1106 perficiuntur
809 1021 844 1084 in
866 1022 1020 1107 propriis
1048 1021 1222 1105 generibus
1254 1020 1362 1085 fontes
1391 1030 1526 1107 propter

379 1122 523 1187 locorum
550 1121 803 1211 discrepantiam
832 1132 864 1186 et
892 1124 1062 1207 regionum
1091 1122 1265 1210 qualitates
1299 1131 1525 1209 terrarumque

347 1223 557 1288 sdissimiles
586 1226 812 1312 proprietates.
862 1247 904 1288 ex
931 1225 982 1289 his
1009 1234 1118 1290 autem
1138 1224 1237 1289 rebus
1266 1233 1344 1288 sunt
1371 1222 1525 1287 nonnulla
1542 1240 1571 1288 17

381 1348 463 1412 quae
491 1348 551 1410 ego
579 1348 637 1413 per
658 1348 710 1389 me
738 1327 907 1413 perspexi,
938 1337 1045 1390 cetera
1073 1328 1107 1391 in
1135 1326 1228 1390 libris
1250 1327 1378 1411 graecis
1403 1327 1525 1414 scripta

380 1428 509 1509 inveni,
543 1448 679 1513 quorum
706 1431 899 1516 scriptorum
932 1427 966 1491 hi
1000 1437 1075 1493 suut
1103 1437 1251 1493 auctores
1281 1427 1524 1514 Theophrastos

380 1530 533 1593 Timaeus
561 1528 754 1595 Posidonios
777 1530 938 1616 Hegesias
963 1529 1148 1607 Herodotus
1171 1529 1336 1595 Aristides
1355 1529 1525 1594 Metrodo-

380 1654 453 1712 rus,
487 1632 543 1717 qui
574 1653 693 1715 magna
720 1632 892 1717 vigilantia
920 1640 952 1696 et
985 1630 1111 1705 infinito
1141 1630 1249 1696 studio
1277 1630 1425 1696 locorum
1451 1653 1522 1718 pro·

332 1746 363 1793 16
379 1736 552 1821 prietates,
583 1754 740 1820 aquarum
761 1736 915 1814 virtutes,
944 1733 986 1796 ab
1007 1733 1218 1797 inclinatione
1246 1731 1328 1797 caeli
1354 1733 1524 1818 regionum

381 1834 555 1922 qualitates
578 1836 625 1898 ita
646 1857 718 1899 esse
741 1834 934 1900 distributas
950 1836 1081 1922 scriptis
1098 1834 1343 1898 dedicaverunt.
1388 1856 1523 1921 quorum

380 1946 508 2001 secutus
531 1938 698 2021 ingressus
720 1937 756 2000 in
777 1937 838 2002 hoc
860 1937 944 2001 libro
966 1938 1140 2024 perscripsi
1164 1959 1247 2023 quae
1268 1938 1349 2000 satis
1372 1958 1446 2001 esse
1466 1960 1522 2024 pu-

380 2040 449 2103 tavi
472 2037 513 2101 de
534 2060 637 2124 aquae
660 2040 892 2120 varietatibus,
921 2060 984 2125 quo
1006 2038 1134 2103 facilius
1158 2061 1200 2102 cx
1221 2038 1272 2102 his
1295 2039 1522 2125 praescriptio·

381 2141 477 2206 nibus
501 2140 624 2225 eligant
646 2140 793 2205 homines
809 2162 912 2226 aquae
934 2141 1059 2222 fontes,
1083 2141 1200 2227 quibus
1222 2139 1265 2203 ad
1288 2163 1386 2203 usum
1408 2140 1522 2205 salien·
1563 2191 1568 2197 .

335 2253 364 2302 15
381 2252 430 2307 tes
453 2243 579 2329 possint
600 2242 644 2306 ad
665 2242 816 2307 civitates
831 2244 1074 2329 municipiaque
1095 2241 1284 2329 perducere.
1328 2240 1420 2305 nulla
1441 2243 1564 2307 61111111

382 2369 424 2408 ex
451 2345 600 2409 omnibus
627 2343 726 2408 rebus
754 2353 862 2408 tantas
890 2344 1012 2408 habere
1033 2343 1166 2409 videtur
1192 2343 1235 2407 ad
1261 2366 1357 2408 usum
1386 2344 1524 2407 necessi-

381 2456 465 2511 tates
488 2455 624 2532 quantas
647 2468 748 2532 aqua,
775 2445 849 2511 ideo
872 2446 1126 2533 quodomnium
1147 2445 1337 2509 animalium
1358 2455 1477 2509 natura
1499 2446 1525 2509 si

295 2588 296 2591 =
381 2548 536 2611 frumenti
563 2548 674 2612 fructu
700 2550 829 2635 privata
856 2548 956 2612 fuerit
982 2547 1152 2611 arbustive
1182 2557 1239 2611 aut
1267 2569 1365 2610 carne
1393 2556 1451 2612 aut
1477 2548 1525 2634 pi·

382 2658 473 2713 scatu
503 2657 560 2711 aut
593 2650 691 2712 etiam
723 2648 869 2735 qualibet
902 2672 945 2713 ex
978 2648 1046 2733 his,
1081 2649 1215 2736 reliquis
1249 2648 1348 2713 rebus
1378 2670 1526 2714 escarum

220 2803 228 2812 ,
330 2750 906 2838 16616111166616111166111116111,
935 2752 1112 2838 sineaqua
1134 2772 1211 2815 vero
1233 2772 1294 2814 nec
1316 2773 1436 2840 corpus
1458 2754 1527 2818 aui·
1586 2799 1591 2819 .

382 2850 516 2916 malium
531 2873 590 2914 nec
604 2851 671 2915 ulla
687 2853 752 2916 cibi
767 2853 871 2916 virtus
893 2862 1001 2941 potest
1022 2855 1114 2917 nasci
1135 2875 1193 2916 nec
1215 2855 1301 2918 tueri
1323 2876 1386 2918 nec
1407 2857 1528 2942 parari.

382 2975 482 3040 quare
509 2975 628 3037 magna
657 2952 829 3040 diligentia
856 2953 1085 3040 industriaque
1107 2955 1285 3040 quaerendi
1308 2966 1386 3020 sunt
1415 2957 1528 3022 61611-

383 3054 482 3142 gendi
503 3055 610 3120 fontes
634 3054 676 3118 ad
698 3055 859 3120 humanae
881 3058 970 3120 vitae
993 3055 1228 3121 salubritatem.

349 3168 371 3214 V
468 3157 688 3244 Expertiones
710 3167 818 3222 autem
841 3168 873 3223 et
897 3158 1105 3244 probationes
1121 3159 1294 3235 eorumsic
1317 3169 1395 3223 sunt
1417 3164 1530 3247 provi·
1548 3171 1595 3234 (lv)

331 3272 363 3320 25
383 3259 518 3324 dendae.
568 3261 596 3323 si
619 3269 713 3324 erunt
740 3259 937 3346 profluentes
961 3268 992 3324 et
1013 3261 1129 3346 aperti,
1151 3270 1326 3347 antequam
1348 3259 1427 3325 duci
1449 3264 1531 3327 inci-

378 3364 529 3449 piantur,
552 3361 753 3447 aspiciantur
780 3362 953 3448 animoque
980 3360 1193 3426 advertantur
1215 3384 1279 3448 qua
1305 3363 1533 3429 membratura

452 3618 675 3683 lrepperientur
696 3619 783 3671 EHH.
810 3615 822 3683 11
849 3634 935 3669 venas
963 3634 1051 3683 aquae
1078 3619 1120 3670 vis
1137 3621 1183 3669 ed.
1207 3617 1270 3681 (k²):
1300 3635 1389 3671 venas
1413 3623 1534 3686 quaevis

385 3702 529 3767 (quaelvis
548 3703 590 3766 H,
615 3718 667 3769 6116
684 3704 726 3753 vis
751 3703 782 3767 H)
802 3703 888 3756 ΚΕΗ.
912 3700 923 3769 11
948 3704 1104 3768 7661616111
1124 3704 1152 3756 H.
1182 3700 1194 3770 11
1219 3703 1260 3752 hii
1279 3704 1316 3753 H.
1339 3700 1351 3770 11
1382 3705 1534 3771 theophra-

384 3795 440 3838 stos
459 3789 536 3838 ΕΘΗ
554 3786 597 3850 (L,
617 3787 755 3852 -166161,
778 3784 790 3853 11
813 3789 966 3838 8111166116
986 3790 1038 3839 GH
1055 3787 1104 3851 (L,
1123 3789 1223 3838 timeus
1240 3791 1264 3838 lc
1281 3795 1308 3838 61
1327 3787 1388 3853 60),
1412 3790 1533 3843 timaeus

384 3873 416 3924 H.
445 3869 457 3939 11
484 3871 642 3938 posidonius
669 3873 748 3922 EHH
778 3871 827 3935 (h,
855 3888 957 3923 -neus
983 3873 1026 3936 tc).
1060 3875 1108 3923 sed
1131 3872 1279 3928 herodotus
1305 3880 1331 3922 et
1357 3875 1534 3925 metrodorus

383 3974 474 4009 ornnes.
498 3954 509 4023 11
533 3957 664 4007 aristides
682 3958 739 4015 Es,
758 3957 896 4022 arystides
913 3959 945 4006 H
964 3957 1023 4021 (Le,
1043 3945 1167 4021 aystides
1185 3958 1213 4016 t).
1237 3953 1249 4022 ΙΙ
1272 3959 1288 4007 9
1307 3957 1533 4010 abinclinatione

384 4045 510 4108 caelique
526 4041 645 4109 (66116116
660 4039 691 4104 H)
712 4043 854 4108 regionum
873 4041 1027 4106 qualitates
1045 4042 1123 4092 EHH
1145 4039 1233 4105 (atel,
1252 4043 1445 4107 6111666613ο
1464 4047 1533 4095 dele·

382 4125 699 4192 6116666166661161111,
723 4127 752 4175 pc
775 4133 857 4176 autem
880 4133 938 4176 ante
961 4126 1088 4190 caelique
1110 4127 1217 4176 inseruit
1234 4124 1348 4189 terrae).
1376 4128 1463 4177 deleri
1479 4142 1533 4192 que

383 4229 436 4262 eum
453 4212 500 4260 Ec,
529 4209 540 4277 11
569 4213 599 4260 11
624 4226 685 4261 6666
708 4210 871 4260 distributas
894 4211 922 4260 H
944 4209 1028 4273 (Llclr
1056 4211 1218 4261 distributas
1240 4224 1300 4260 esse
1325 4209 1383 4260 EG.
1411 4207 1424 4276 ΙΙ
1455 4212 1533 4262 dedi·

384 4299 517 4347 caverunt
535 4295 613 4345 EGH
632 4294 678 4356 (L,
699 4294 910 4345 declinaverunt
926 4297 950 4344 lc
968 4300 1154 4347 6161166611.
1172 4296 1200 4351 11,
1219 4293 1531 4360 (1661616161611116111

385 4384 415 4431 13
434 4379 701 4445 praescriptionibus
719 4379 799 4429 EHH
816 4379 858 4442 (t,
877 4379 1126 4444 perscriptionibus
1144 4376 1187 4444 161.
1208 4378 1220 4445 11
1237 4381 1276 4450 ,16
1294 4378 1401 4428 habere
1419 4379 1534 4430 videtur

384 4467 442 4514 ΕΗ
444 4487 450 4517 :
471 4464 575 4516 habore
592 4464 735 4514 videretur
754 4465 782 4514 0.
803 4461 815 4531 11
837 4467 868 4514 18
887 4464 1030 4515 arbustive
1048 4479 1094 4527 epo
1114 4460 1280 4526 (arbustisve
1299 4464 1366 4526 61111
1387 4464 1533 4515 arbustivo

375 4551 412 4598 ¹H
431 4550 514 4613 (blo),
538 4549 680 4599 arbustino
699 4549 754 4600 HG.
777 4544 790 4614 (1
814 4551 845 4599 19
864 4549 991 4612 qualibet
1014 4564 1047 4598 ex
1064 4548 1107 4597 his
1127 4548 1171 4610 (sc.
1189 4546 1295 4612 rebus),
1313 4547 1432 4612 reliquis
1450 4549 1534 4599 rebus

384 4648 510 4683 escarum
528 4649 588 4698 epp:
608 4634 732 4697 qualibet
750 4633 843 4683 6111116
862 4634 978 4696 reliquis
997 4648 1018 4682 r.
1033 4649 1058 4686 e.
1076 4633 1161 4682 ΕΘΗ.
1183 4628 1195 4698 Ι(
1217 4634 1249 4681 11
1270 4631 1328 4682 cibi
1344 4631 1407 4682 EG:
1429 4633 1486 4682 ciui
1503 4634 1534 4682 H

385 4715 459 4785 (ch,
478 4716 523 4766 cui
539 4719 549 4766 l
565 4719 614 4768 sed
629 4720 650 4766 [c
668 4717 743 4783 cibi).
