3784 5625
378 666 419 731 66
867 680 1027 728 vrrnuvn

379 844 431 900 tus
448 834 547 898 fuerit
568 834 702 920 supinus
725 833 875 897 manibus
899 832 1092 919 etpedibus
1115 833 1225 919 pansis
1248 833 1428 918 circinique
1450 855 1523 897 con-

379 936 519 1000 locatum
548 944 694 998 centrum
723 935 757 997 in
784 934 940 998 umbilico
969 935 1055 1015 eius,
1089 934 1338 1017 circumagendo
1370 933 1523 1000 rotunda-

378 1039 499 1102 tionem
513 1044 724 1123 utrarumque
738 1059 891 1101 manuum
915 1045 947 1099 ct
969 1035 1089 1121 pedum
1112 1036 1210 1119 digiti
1231 1034 1318 1099 linea
1338 1021 1524 1119 tangentur.

378 1161 444 1203 non
470 1140 577 1202 minus
606 1136 880 1225 quemadmodum
909 1136 1040 1200 schema
1065 1136 1305 1201 rotundationis
1333 1135 1369 1199 in
1391 1158 1525 1224 corpore

345 1255 361 1304 6
380 1241 530 1320 efficitur,
553 1241 632 1303 item
655 1240 814 1326 quadrata
836 1238 1020 1322 designatio
1042 1239 1078 1301 in
1100 1260 1137 1303 eo
1159 1238 1355 1302 invenietur.
1398 1260 1476 1302 nam
1498 1239 1524 1301 si

378 1365 398 1406 a
420 1341 559 1430 pedibus
588 1341 664 1405 imis
686 1342 729 1404 ad
752 1362 914 1405 summum
937 1349 1035 1426 caput
1055 1362 1204 1404 mensum
1226 1342 1289 1404 erit
1312 1361 1415 1425 eaque
1437 1361 1524 1403 men-

379 1466 455 1508 sura
480 1442 584 1507 relata
610 1442 709 1506 fuerit
736 1443 779 1507 ad
806 1465 921 1506 manus
944 1463 1081 1528 pansas,
1109 1441 1295 1506 invenietur
1318 1440 1434 1504 eadem
1456 1439 1526 1506 lati-

379 1546 458 1610 tudo
475 1546 525 1608 uti
539 1543 694 1626 altitudo,
718 1542 991 1629 quemadmodum
1005 1565 1100 1606 areae
1115 1565 1198 1629 quae
1217 1543 1260 1606 ad
1282 1565 1430 1607 normam
1452 1552 1526 1607 sunt

381 1646 567 1732 quadratae.
612 1667 690 1730 ergo
713 1646 741 1709 si
762 1647 810 1709 ita
831 1654 949 1710 natura
971 1646 1153 1732 composuit
1175 1666 1291 1729 corpus
1313 1644 1456 1708 hominis
1478 1645 1558 1709 utit

331 1762 363 1810 10
380 1747 645 1834 proportionibus
660 1745 806 1811 membra
821 1746 864 1810 ad
880 1765 1040 1810 summam
1055 1746 1282 1831 figurationem
1299 1746 1369 1810 eius
1391 1768 1526 1831 respon·

382 1850 496 1932 deant,
525 1871 600 1913 cum
627 1870 724 1912 causa
751 1850 962 1914 constituisse
989 1847 1144 1913 videntur
1164 1849 1292 1934 antiqui
1312 1857 1350 1912 nt
1372 1848 1472 1911 etiam
1494 1848 1526 1911 in

381 1973 516 2037 operum
531 1950 786 2037 perfectionibus
810 1948 1013 2035 singulorum
1033 1951 1253 2034 membrorum
1273 1949 1317 2013 ad
1338 1952 1526 2013 universam

380 2054 504 2138 figurae
519 2053 660 2140 speciem
682 2051 824 2115 habeant
846 2073 1050 2116 commensus
1073 2054 1286 2116 exactionem.
1330 2053 1433 2136 igitur
1454 2073 1527 2113 cum

381 2156 416 2217 in
431 2154 581 2218 omnibus
598 2153 751 2239 operibus
767 2152 896 2217 ordines
918 2154 1101 2235 traderent,
1124 2163 1194 2218 tum
1215 2154 1358 2217 maxime
1379 2154 1416 2216 in
1437 2151 1526 2215 aedi-

332 2272 363 2319 15
380 2257 442 2321 bus
466 2256 616 2345 deorum,
646 2277 783 2341 quorum
810 2277 943 2342 operum
972 2265 1003 2319 et
1031 2254 1144 2320 laudes
1173 2265 1205 2319 et
1234 2253 1348 2341 culpae
1375 2264 1527 2319 aeternae

381 2358 487 2423 solent
508 2378 709 2445 permanere.

465 2460 535 2525 Nec
549 2461 656 2523 minus
671 2481 896 2524 mensurarum
911 2461 1064 2541 rationes
1088 2481 1171 2545 quae
1193 2460 1228 2524 in
1249 2458 1399 2525 omnibus
1422 2460 1559 2546 operi-5

381 2561 441 2625 bus
470 2562 624 2626 videntur
652 2564 854 2625 necessariae
883 2584 972 2645 esse,
1006 2584 1049 2625 ex
1076 2563 1220 2649 corporis
1247 2561 1403 2625 membris
1431 2560 1526 2625 colle-

381 2672 515 2746 gerunt,
543 2664 592 2725 uti
620 2661 760 2746 digitum
787 2663 931 2749 palmum
961 2662 1077 2750 pedem
1100 2663 1260 2744 cubitum,
1284 2672 1316 2727 et
1339 2684 1394 2725 eas
1417 2661 1526 2726 distri-

331 2778 364 2827 20
382 2765 523 2828 buerunt
537 2764 572 2827 in
586 2762 767 2850 perfectum
787 2785 973 2847 numerum,
997 2786 1092 2851 quem
1108 2763 1227 2830 Graeci
1248 2759 1379 2829 seiani
1401 2764 1526 2845 dicunt,

382 2864 563 2952 perfectum
596 2873 704 2928 autem
732 2866 859 2951 antiqui
885 2868 1097 2931 instituerunt
1122 2889 1293 2931 numerum
1326 2868 1382 2952 qui
1414 2866 1526 2929 decem

385 2966 515 3029 dicitur.
566 2987 705 3053 namque
728 2968 777 3050 ex}
797 2967 948 3031 manibus
977 2967 1153 3054 digitorum
1182 2990 1315 3032 numero
1348 2968 1390 3032 ab
1420 2966 1525 3053 palmo

383 3089 440 3153 pes
469 3077 518 3132 est
548 3067 712 3133 inventus.
764 3071 793 3133 si
819 3078 928 3133 autem
951 3071 986 3133 in
1007 3072 1155 3155 utrisque
1176 3069 1293 3156 palmis
1316 3092 1358 3133 ex
1380 3067 1525 3133 articulis

383 3170 425 3233 ab
457 3179 574 3233 natura
600 3169 713 3233 decem
741 3181 816 3233 sunt
843 3171 999 3258 perfecti,
1030 3174 1127 3235 etiam
1154 3171 1284 3235 Platoni
1311 3170 1434 3257 placuit
1456 3191 1526 3234 esse

332 3286 365 3334 25
383 3294 456 3335 eum
488 3294 658 3336 numerum
687 3293 724 3335 ea
755 3294 791 3335 re
818 3273 1000 3358 perfeetum
1027 3273 1083 3359 qui
1109 3295 1153 3337 ex
1175 3271 1394 3357 singularibus
1417 3271 1525 3353 rebus,

382 3395 464 3458 quae
497 3374 641 3456 μοναὸες
672 3373 759 3458 apud
788 3372 931 3440 Graecos
965 3373 1133 3457 dicuntur,
1167 3373 1340 3460 perficitur·
1366 3373 1523 3470 decussis.

524 3531 611 3538 ἡ...

452 3612 596 3678 lsopinus
614 3613 645 3660 H
661 3611 737 3677 (GH).¹
759 3610 771 3680 ΙΙ
793 3615 902 3679 sparsis
920 3615 954 3664 E.
977 3610 989 3680 ΙΙ
1012 3617 1028 3664 3
1045 3619 1222 3679 utrarumque
1245 3632 1375 3666 manuum
1392 3615 1422 3666 H
1439 3613 1522 3679 (Llclz

383 3703 561 3762 utrarumque
584 3713 673 3747 rerum
695 3713 822 3748 manuum
846 3695 955 3760 (rerum.
975 3714 1103 3748 manuum
1121 3701 1157 3764 E)
1179 3701 1237 3754 EG.
1261 3697 1274 3767 ll
1300 3702 1444 3766 tingentur
1465 3706 1524 3751 ante

384 3799 453 3835 corr.
474 3783 503 3833 θ.
524 3781 561 3845 (et
576 3783 640 3845 sort.
658 3782 691 3842 E,
710 3783 752 3833 ubi
769 3787 925 3848 tangentur,
943 3786 992 3834 aed
1009 3799 1026 3833 a
1044 3791 1069 3834 et
1088 3800 1123 3834 en
1140 3785 1166 3834 in
1183 3785 1260 3850 raa).
1284 3782 1296 3851 ΙΙ
1319 3788 1336 3835 4
1353 3800 1467 3836 secema
1487 3785 1523 3842 H,

383 3882 478 3917 scema
495 3867 553 3921 EG.
582 3863 595 3932 ΙΙ
622 3869 733 3916 bnam:
755 3883 872 3932 namque
890 3869 924 3918 E.
948 3864 960 3933 ll
988 3872 1137 3934 ‘ispansas
1155 3871 1185 3918 H
1207 3869 1269 3932 (cli).
1290 3866 1303 3935 ΙΙ
1331 3871 1364 3920 14
1380 3873 1440 3919 tum
1462 3870 1522 3921 cdd.

382 3942 459 4004 Scin.
479 3949 632 4014 (traderent
649 3952 766 4002 maxime
785 3953 820 4010 H,
839 3953 991 4003 traderent.
1010 3953 1127 4003 maxime
1146 3953 1215 4015 EG).
1239 3949 1251 4019 ΙΙ
1281 3955 1312 4004 15
1332 3967 1445 4017 quorum
1463 3954 1522 4003 cdd.

383 4035 459 4086 Selia.
480 4033 604 4098 (deorum
622 4051 735 4100 operum
752 4037 838 4087 EGH.
862 4033 875 4102 ΙΙ
902 4042 930 4087 et
948 4037 1044 4087 laudes
1063 4041 1092 4088 et
1110 4038 1209 4102 culpae
1230 4037 1280 4086 GH
1299 4036 1357 4104 (lc):
1382 4043 1410 4088 et
1427 4035 1523 4087 laudes

383 4121 489 4185 sculpte
508 4121 534 4169 E
552 4119 588 4183 (dr
607 4119 706 4171 laudes
724 4121 749 4169 a
767 4121 884 4184 sculptae
903 4121 948 4184 L).
972 4116 984 4185 ΙΙ
1008 4121 1039 4170 18
1057 4123 1233 4172 necessariae
1248 4122 1301 4171 EG
1319 4118 1380 4185 (ωε
1404 4121 1479 4171 -ria
1495 4121 1524 4170 H

383 4202 437 4267 (lc).
462 4201 473 4269 ll
497 4204 671 4271 collegerunt
687 4206 755 4254 EH0
774 4204 831 4268 (t),
849 4204 1015 4269 colligerent
1036 4192 1100 4255 Get
1117 4212 1176 4256 ante
1198 4222 1267 4259 corr.
1287 4207 1316 4255 H
1339 4203 1523 4271 (colleguntur

382 4291 398 4346 l,
418 4286 585 4353 colliguntur
603 4289 653 4352 elz).
677 4286 689 4354 ΙΙ
711 4292 745 4340 20
762 4289 855 4339 teleon
872 4289 960 4340 EGH.
989 4285 1001 4355 ΙΙ
1028 4292 1060 4339 22
1079 4306 1113 4339 ex
1136 4290 1468 4342 manibus—inventus:
1485 4291 1522 4340 ric

383 4372 469 4424 ΕΘΗ.
496 4368 509 4438 ΙΙ
535 4388 647 4423 numero
673 4391 720 4438 epo
750 4370 888 4435 (numerus
916 4375 955 4424 ed.
990 4371 1053 4436 Fit:
1089 4374 1203 4424 numeru
1235 4373 1295 4439 (per
1320 4374 1338 4423 ᾗ
1364 4391 1415 4439 pro
1438 4389 1468 4434 o,
1497 4379 1522 4422 ut

381 4488 460 4537 saepe
477 4475 503 4522 in
521 4477 700 4539 antiquissimis
717 4473 855 4539 codicibus)
874 4476 929 4525 EH
948 4473 1028 4539 (Llc),
1046 4491 1140 4525 -rum
1155 4475 1159 4538 Ι
1177 4477 1206 4526 6.
1226 4473 1238 4543 [Ι
1258 4479 1291 4527 23
1309 4476 1333 4526 si
1352 4479 1446 4525 antem
1464 4456 1522 4536 (aul

383 4557 442 4619 EG)
461 4558 490 4605 in
507 4559 631 4622 utrisque
644 4558 743 4621 palmis
756 4576 790 4609 ex
802 4560 940 4610 articulis:
959 4562 997 4613 sie
1009 4560 1095 4610 ΕΘΗ.
1111 4556 1124 4626 ΙΙ
1139 4562 1172 4611 25
1185 4561 1232 4624 qui
1243 4576 1304 4626 epo:
1323 4559 1396 4624 quod
1409 4559 1494 4612 aeli.
1507 4555 1519 4624 ll

383 4641 416 4688 26
434 4641 564 4690 monades
582 4643 669 4693 EGH.
692 4639 704 4707 ll
727 4643 865 4708 decusisq3
884 4644 965 4694 simul
983 4645 1013 4693 H
1030 4645 1073 4707 (lc,
1092 4645 1210 4697 decusis.
1230 4643 1312 4695 simul
1329 4644 1380 4711 L),
1404 4644 1520 4695 decusis.

384 4723 462 4788 Quae
483 4724 553 4792 (Quq
574 4725 605 4790 G)
625 4726 703 4775 simul
721 4728 779 4797 HG.
