3784 5625
718 677 765 724 11
787 651 1147 736 11111111111111111.
1169 678 1206 725 11.
1488 666 1530 729 59

388 827 537 911 Dianae,
569 830 667 893 etiam
694 829 859 895 lacunaria
881 839 913 895 et
935 831 983 895 ibi
1006 831 1094 895 etin
1117 832 1233 895 ceteris
1255 829 1421 897 nobilibus
1444 833 1530 898 fanis

388 939 521 1018 propter
550 932 777 996 aeternitatem
804 942 880 997 sunt
906 932 1003 996 facta.
1051 940 1229 997 nascuntur
1260 940 1369 996 autem
1397 956 1454 997 111
1480 958 1530 998 ar-

387 1031 484 1097 bores
516 1035 658 1097 maxime
680 1033 797 1099 Cretae
824 1042 856 1097 et
877 1034 1012 1097 Africae
1040 1043 1071 1097 et
1100 1032 1263 1098 nonnullis
1287 1032 1402 1121 Syriae
1424 1038 1529 1120 regio-

337 1147 370 1194 14
387 1133 495 1199 nibus.
540 1134 624 1201 larix
652 1157 741 1218 vero,
770 1157 851 1222 quae
877 1158 943 1200 non
966 1143 1015 1199 111
1037 1145 1114 1200 nota
1140 1136 1206 1198 nisi
1227 1136 1256 1199 is
1279 1135 1530 1221 municipalibus

387 1237 445 1323 qui
466 1245 541 1301 sunt
564 1237 650 1300 circa
671 1237 777 1323 ripam
798 1237 941 1301 fluminis
958 1236 1042 1300 Padi
1064 1246 1096 1315 et
1117 1235 1214 1301 litora
1234 1237 1335 1316 maris
1357 1236 1529 1321 Hadriani,
1548 1254 1565 1301 5

387 1360 452 1403 non
479 1337 583 1403 solum
610 1337 652 1414 ab
680 1340 749 1403 suci
777 1338 963 1403 vehementi
990 1339 1161 1403 amaritate
1188 1337 1231 1402 ab
1253 1339 1340 1401 carie
1360 1350 1417 1404 aut
1444 1343 1530 1404 tinea

386 1462 452 1504 non
478 1448 628 1521 nocetur,
663 1439 720 1504 sed
748 1441 846 1504 ctiam
874 1439 1036 1503 flammam
1067 1461 1109 1503 ex
1135 1440 1206 1525 igni
1227 1461 1293 1504 non
1314 1442 1447 1527 recipit,
1470 1464 1531 1505 neo

386 1542 458 1628 ipsa
493 1563 552 1628 per
584 1563 619 1605 se
652 1551 759 1627 potest
767 1565 775 1582 0⁴
791 1542 906 1607 ardere
938 1541 1003 1604 nisi
1035 1541 1084 1606 uti
1112 1564 1228 1606 saxum
1260 1542 1296 1604 in
1329 1541 1459 1607 fornace
1487 1542 1531 1607 ad

387 1642 508 1706 calcem
523 1642 725 1729 coquendam
745 1642 819 1708 aliis
842 1642 941 1732 lignis
963 1651 1086 1707 uratur.
1129 1664 1190 1708 nec
1211 1652 1319 1707 tamen
1341 1653 1420 1707 tunc
1440 1645 1530 1708 11111-

385 1767 476 1808 mam.
498 1746 615 1831 recipit
636 1766 697 1809 nec
718 1745 892 1810 carbonem
912 1745 1067 1827 remittit,
1096 1743 1155 1807 sed
1182 1743 1281 1829 longo
1310 1746 1415 1831 spatio
1437 1746 1582 1810 11111111

386 1845 597 1911 comburitur.
656 1847 744 1933 quod
776 1857 826 1912 est
853 1848 988 1911 minima
1020 1846 1106 1931 ignis
1128 1855 1173 1920 ,et
1200 1847 1286 1910 aeris
1314 1867 1333 1909 e
1360 1847 1530 1934 principiis

386 1957 616 2035 temperatura,
639 1971 751 2014 umore
765 1959 874 2014 autem
890 1958 922 2013 et
941 1958 1070 2013 terreno
1094 1957 1144 2012 est
1164 1948 1270 2034 spisse
1293 1946 1441 2031 solidata,
1465 1972 1531 2014 non

384 2050 482 2115 habet
498 2052 605 2137 spatia
626 2050 820 2115 foraminum
844 2073 908 2137 qua
929 2051 1034 2137 possit
1056 2049 1143 2134 ignis
1165 2059 1347 2135 penetrare,
1372 2051 1530 2137 reicitque

385 2154 453 2217 eius
474 2152 543 2215 vim
564 2174 626 2216 neo
647 2153 769 2239 patitur
790 2152 832 2216 ab
856 2173 899 2234 eo⁸
915 2141 981 2217 sibi
1004 2152 1068 2216 cito
1090 2152 1211 2233 noceri,
1234 2160 1429 2238 propterque
1451 2175 1530 2239 pon·

385 2254 445 2319 dus
474 2253 517 2318 ab
544 2276 628 2341 aqua
655 2276 721 2318 non
748 2255 940 2335 sustinetur,
970 2251 1029 2316 sed
1051 2274 1124 2317 11111
1146 2261 1309 2339 portatur,
1337 2255 1451 2316 autin
1472 2268 1580 2318 111-15

386 2357 483 2420 vibus
506 2366 562 2421 aut
585 2353 684 2443 supra
705 2354 863 2439 abiegnas
885 2365 972 2420 rates
996 2352 1191 2419 conlocatur.

334 2469 365 2517 15
458 2458 508 2522 Ea
535 2467 644 2523 autem
671 2458 822 2521 materies
845 2454 1118 2542 quemadmodum
1140 2454 1184 2517 sit
1205 2454 1339 2518 inventa
1361 2464 1411 2520 111
1433 2477 1529 2519 causa

383 2582 588 2646 cognoscere.
647 2559 744 2622 divus
768 2557 889 2622 Caesar
922 2579 996 2621 cum
1029 2555 1209 2621 exercitum
1241 2554 1409 2621 habuisset
1443 2557 1529 2621 circa

382 2662 485 2749 Alpes
513 2662 806 2747 imperavissetque
833 2658 1021 2746 municipiis
1050 2666 1215 2745 praestare
1243 2666 1439 2723 commeatus
1466 2659 1527 2723 ibi-

383 2785 446 2851 que
461 2772 547 2828 esset
563 2762 732 2828 castellum
747 2762 908 2827 munitum
928 2759 1016 2847 quod
1037 2759 1217 2825 vocabatur
1236 2759 1428 2853 Larignum,
1452 2770 1529 2827 tunc
1546 2778 1579 2826 20

383 2867 439 2952 qui
471 2866 506 2929 11
539 2887 576 2929 11
604 2866 736 2930 fuerunt
763 2861 905 2929 naturali
932 2864 1112 2928 munitione
1140 2862 1254 2926 confisi
1274 2861 1447 2930 noluerrmt
1468 2865 1527 2929 im-

382 2969 472 3055 perio
488 2989 612 3054 parere.
656 2969 765 3053 itaque
787 2968 963 3053 imperator
986 2967 1097 3052 copias
1118 2966 1214 3029 iussit
1235 2963 1415 3030 admoveri.
1460 2976 1528 3032 erat

383 3078 493 3134 autem
514 3078 590 3133 ante
614 3070 682 3134 eius
706 3067 832 3134 castelli
854 3077 982 3156 portam
1003 3068 1104 3132 turris
1128 3088 1170 3131 ex
1190 3066 1252 3130 hac
1272 3069 1409 3132 materia
1429 3071 1526 3133 alter-

355 3187 365 3247 ,’
382 3171 434 3235 111
449 3171 599 3236 trabibus
621 3172 819 3236 transversis
841 3172 891 3235 uti
912 3192 996 3257 pyra
1017 3171 1103 3233 inter
1124 3189 1159 3232 se
1181 3169 1361 3254 composita
1381 3168 1456 3250 alte,
1478 3173 1528 3235 uti

383 3281 516 3357 possent
532 3271 572 3335 de
595 3295 719 3337 summo
742 3271 878 3337 sudibus
901 3281 934 3336 et
955 3270 1121 3356 lapidibus
1143 3268 1336 3334 accedentes
1358 3269 1525 3358 repellere.
1544 3289 1577 3336 25

382 3385 462 3437 tunc
476 3395 554 3438 vero
577 3396 650 3438 cum
672 3372 936 3438 animadversum
958 3382 1008 3437 est
1029 3371 1094 3437 alia
1117 3392 1171 3435 eos
1193 3369 1259 3435 tela
1279 3381 1408 3458 praeter
1429 3373 1526 3437 sudes

383 3498 447 3539 non
463 3474 583 3539 habere
598 3498 703 3562 neque
718 3498 814 3564 posse
829 3475 958 3560 longius
979 3496 1000 3537 a
1021 3495 1112 3538 muro
1135 3482 1267 3561 propter
1288 3474 1415 3560 pondus
1437 3477 1525 3539 iacu-

381 3576 461 3658 lari,
496 3578 690 3663 imperatum
718 3588 768 3643 111
795 3565 968 3643 fasciculos
997 3599 1039 3640 ex
1067 3577 1171 3661 virgis
1199 3573 1349 3660 alligatos
1378 3586 1410 3641 11
1437 3577 1525 3642 faces

380 3678 533 3743 ardentes
555 3679 598 3742 ad
620 3701 692 3742 eam
712 3679 924 3745 munitionem
945 3678 1138 3743 accedentes
1160 3680 1299 3743 mittere.
1342 3680 1453 3767 itaque
1475 3703 1525 3745 ce·

330 3798 362 3846 11
381 3779 492 3844 1111111
514 3778 634 3844 milites
657 3792 899 3867 congessenmt.
944 3790 1154 3869 posteaquam
1176 3780 1305 3846 flamma
1327 3783 1413 3846 circa
1435 3782 1525 3847 illam
1544 3798 1576 3844 30

382 3971 451 4034 (post
470 3968 617 4018 lacunaria
639 3969 696 4020 Joc.
720 3971 827 4034 exea).
859 3967 871 4038 ss
899 3973 983 4022 1111
1000 3971 1043 4020 H:
1065 3969 1101 4034 111
1121 3969 1142 4018 Ε
1165 3966 1211 4032 (tc,
1229 3963 1274 4013 hffi
1292 3963 1338 4028 L).
1356 3961 1369 4030 ll
1393 3964 1523 4030 3⁸fffl⁰t

382 4057 412 4105 Ε.
441 4051 453 4119 Η
480 4053 497 4102 4
520 4067 590 4116 quac
676 4058 743 4104 nota
766 4056 806 4107 ed.
837 4052 885 4120 (cf.
908 4073 930 4105 v.
955 4054 1012 4121 12):
1044 4053 1090 4119 qui
1184 4053 1265 4098 notus
1294 4049 1352 4101 GH.
1378 4046 1390 4114 Ι]
1413 4050 1450 4098 is:
1480 4050 1524 4099 his

383 4140 441 4190 GH.
471 4135 482 4204 ΙΙ
510 4140 526 4188 5
548 4136 676 4187 hadriani
697 4139 726 4188 H
749 4135 854 4202 (Lecta
887 4140 997 4190 adriani
1026 4139 1047 4189 Ε
1074 4135 1128 4200 (lc).
1155 4130 1168 4199 ΙΙ
1195 4134 1211 4181 6
1235 4134 1270 4183 ab
1298 4133 1358 4182 suci
1385 4133 1456 4196 (60):
1487 4135 1522 4184 ab

381 4237 446 4272 suco
467 4223 518 4272 ΕΗ
531 4220 610 4285 (Llc).
633 4218 646 4288 ss
669 4222 746 4272 tenia
763 4228 822 4271 ante
835 4237 903 4273 corr.
918 4225 940 4274 Ε
953 4221 1037 4286 (tinia
1054 4235 1144 4273 errore
1159 4218 1194 4268 Ge
1208 4233 1259 4280 pro
1277 4217 1375 4281 tinea).
1397 4214 1410 4285 ΙΙ
1432 4219 1523 4285 8ipsa

381 4307 466 4357 ulau:
496 4307 556 4371 ipsc
581 4307 640 4358 GH.
668 4303 680 4374 [Ι
708 4309 740 4356 16
756 4305 893 4372 abiegnas
922 4309 973 4359 GH
999 4307 1047 4371 (L,
1066 4306 1193 4372 abiegnis
1211 4307 1254 4364 ct,
1273 4305 1384 4371 abigeis
1402 4310 1418 4366 l,
1436 4311 1484 4359 sed
1499 4311 1522 4358 10

381 4392 536 4457 abiegnas).
560 4388 573 4458 ΙΙ
601 4392 783 4455 conloquatur
800 4399 859 4441 ante
877 4406 946 4442 corr.
968 4393 998 4443 Ε.
1022 4389 1034 4458 ll
1056 4395 1090 4442 20
1106 4391 1260 4441 vocabatur
1276 4390 1355 4441 Part:
1375 4397 1522 4444 vocaretur

383 4476 439 4527 ΕΗ.
464 4472 476 4540 ΙΙ
499 4478 532 4526 23
554 4475 607 4526 hoc
625 4483 685 4526 ante
707 4492 777 4527 corr.
801 4476 830 4526 Ε.
856 4471 868 4542 ΙΙ
892 4478 1056 4541 repensent
1079 4477 1156 4527 Lon:
1180 4473 1354 4540 possu-et
1374 4478 1406 4541 Ε)
1427 4479 1485 4528 ΕΗ.
1507 4477 1518 4543 ll

383 4559 548 4610 accedentes
568 4561 619 4611 GH
631 4558 703 4624 (ch,
723 4560 910 4612 accendentes
927 4565 937 4611 1
954 4568 981 4610 et
997 4567 1056 4610 ante
1073 4577 1143 4610 corr.
1161 4577 1183 4620 c,
1203 4558 1384 4614 ascendentes
1401 4561 1438 4627 11).
1455 4559 1467 4628 ΙΙ
1487 4566 1520 4616 28

380 4643 457 4694 taces
475 4644 504 4693 H
527 4641 639 4707 (lemt,
663 4647 756 4696 fasces
782 4647 807 4696 L
830 4653 856 4696 et
877 4653 937 4696 ante
960 4661 1029 4696 corr.
1053 4645 1087 4711 l):
1116 4645 1205 4698 facies
1227 4655 1286 4698 cate
1309 4663 1379 4700 corr.
1399 4647 1428 4699 Ε.
1451 4644 1465 4715 ΙΙ
1487 4650 1520 4700 29

382 4727 540 4779 accidentes
558 4737 618 4780 ante
637 4727 708 4795 (ips.)
726 4746 794 4781 corr.
815 4724 844 4780 Ε.
