3784 5625
694 668 741 714 nn
765 667 1030 717 unanimorum
1054 669 1123 717 nra.
1147 671 1184 717 11.
1470 656 1510 721 57

369 821 489 885 tionem
504 822 625 885 umoris
642 824 673 886 et
687 822 775 906 ignis
798 829 830 885 et
851 821 992 905 terreni,
1016 823 1100 886 aeris
1122 821 1312 909 plurimum,
1335 846 1393 912 per
1414 825 1511 891 huius

368 924 518 987 raritates
555 943 683 987 umores
719 924 849 1010 penitus
885 924 1073 1009 recipiendo
1110 923 1257 988 celeriter
1297 937 1511 992 marcescunt.
1580 963 1587 974 =

369 1024 507 1111 populus
536 1022 611 1087 alba
639 1034 671 1088 et
700 1026 809 1110 nigra,
841 1025 920 1090 item
948 1024 1034 1089 salix
1055 1025 1127 1122 tilia
1149 1028 1242 1091 vitex
1263 1026 1350 1110 ignis
1374 1035 1406 1090 et
1427 1029 1511 1091 aeris

369 1125 518 1190 habendo
534 1126 732 1210 satietatem,
755 1127 876 1191 umoris
898 1135 1092 1213 temperate,
1115 1150 1229 1214 parum
1250 1136 1359 1192 autem
1380 1131 1511 1212 terreni,

368 1226 493 1291 leviore
508 1236 726 1312 temperatura
748 1236 952 1314 comparatae
974 1228 1140 1313 egregiam
1161 1228 1281 1294 habere
1303 1231 1458 1295 videntur
1478 1233 1513 1295 in
1531 1245 1546 1293 5

368 1353 430 1393 usu
452 1328 664 1413 rigiditatem.
709 1350 785 1413 ergo
808 1350 881 1393 cum
903 1351 967 1393 non
990 1330 1056 1393 sint
1078 1329 1178 1393 durae
1199 1321 1321 1395 terreni
1342 1332 1511 1416 mixtione,

369 1439 503 1517 propter
528 1432 695 1495 raritatem
723 1440 799 1495 sunt
822 1430 981 1495 candidae
1003 1440 1035 1496 et
1056 1431 1094 1493 in
1113 1432 1288 1518 sculpturis
1312 1433 1512 1499 commodam

319 1554 351 1601 ιο
369 1541 535 1620 praestant
557 1531 832 1597 tractabilitatem.
877 1532 969 1597 alnus
992 1541 1111 1615 autem,
1134 1555 1216 1619 quae
1237 1536 1386 1620 proxima
1407 1535 1512 1599 flumi-

368 1656 445 1697 num
460 1635 540 1720 ripis
556 1642 744 1719 procreatur
759 1643 790 1698 et
805 1636 939 1698 minime
961 1636 1113 1698 materies
1135 1634 1225 1699 utilis
1249 1636 1390 1719 videtur,
1414 1636 1512 1701 habet

369 1737 403 1799 in
419 1756 454 1799 se
478 1736 627 1821 egregias
649 1736 802 1800 rationes.
847 1746 896 1801 est
919 1738 1006 1800 enim
1028 1758 1103 1800 aere
1125 1745 1157 1801 et
1179 1737 1250 1821 igni
1271 1737 1411 1824 plurimo
1432 1748 1511 1803 tem·
1532 1754 1563 1802 10

369 1846 497 1925 perata,
527 1860 592 1902 non
613 1835 751 1900 multum
772 1847 915 1922 terreno,
944 1859 1056 1902 umore
1078 1837 1183 1923 paulo.
1233 1840 1343 1926 itaque
1365 1841 1400 1904 in
1422 1840 1512 1927 palu·
1587 1884 1593 1891 x

370 1938 492 2004 stribus
509 1938 588 2004 locis
603 1939 689 2002 infra
703 1936 915 2004 fundamenta
929 1939 1151 2005 aedificiorum
1167 1940 1384 2026 palationibus
1400 1941 1513 2006 crebre
1539 1936 1541 1940 ’

369 2041 436 2105 fixa
443 2089 452 2122 ,
480 2041 640 2127 recipiens
668 2042 703 2104 in
731 2063 766 2105 se
794 2042 880 2127 quod
901 2043 1009 2106 minus
1031 2041 1131 2105 habet
1152 2042 1186 2105 in
1209 2064 1342 2129 corpore
1364 2043 1512 2130 liquoris,

369 2153 539 2229 permanet
575 2142 756 2207 inmortalis
792 2143 835 2207 ad
870 2146 1099 2210 aeternitatem
1133 2152 1165 2207 et
1197 2146 1338 2209 sustinet
1369 2145 1512 2209 inmania

369 2243 513 2330 pondera
549 2253 730 2309 structurae
762 2255 804 2325 et¹
827 2246 898 2309 sinc
925 2247 1017 2310 vitiis
1045 2255 1225 2310 conservat.
1249 2275 1252 2278 ⁴
1275 2247 1322 2309 ita
1344 2268 1426 2331 quae
1448 2269 1512 2322 non
1532 2261 1564 2315 15

368 2356 476 2432 potest
510 2357 602 2410 extra
635 2356 755 2410 terram
788 2345 921 2432 paulum
954 2355 1081 2433 tempus
1110 2346 1247 2426 durare,
1280 2368 1318 2409 ea
1344 2348 1380 2408 in
1401 2369 1512 2411 umore

322 2462 348 2509 11
370 2448 486 2513 obruta
517 2456 685 2534 permanet
717 2448 760 2510 ad
792 2448 1051 2512 diuturnitatem.
1106 2457 1154 2510 est
1182 2456 1290 2510 autem
1311 2449 1455 2511 maxime
1477 2447 1512 2511 id

370 2549 575 2614 considerare
602 2550 796 2631 Ravennae,
825 2548 912 2635 quod
942 2548 990 2612 ibi
1018 2550 1127 2613 omnia
1154 2569 1251 2634 opera
1274 2557 1306 2612 et
1327 2547 1458 2635 publica
1480 2558 1512 2611 et

369 2652 499 2738 privata
525 2652 586 2715 sub
615 2650 834 2715 fundamentis
864 2652 931 2714 eius
959 2652 1089 2735 generis
1117 2650 1238 2714 habent
1260 2650 1362 2736 palos.
1405 2650 1511 2716 ulmus

369 2775 447 2818 vero
470 2762 502 2818 et
524 2752 672 2818 fraxinus
694 2755 853 2826 maximos
874 2752 997 2820 habent
1023 2774 1152 2818 umores
1173 2751 1405 2840 minimumque
1426 2754 1511 2818 aeris
1529 2768 1562 2818 20

370 2866 402 2920 et
429 2856 537 2941 ignis,
571 2857 692 2920 terreni
721 2865 899 2942 temperate
925 2855 1084 2920 mixtione
1112 2863 1325 2940 comparatae.
1380 2864 1455 2920 sunt
1477 2858 1511 2920 in

370 3061 486 3110 quercus
504 3046 586 3112 fagus
606 3046 656 3096 GH
674 3044 738 3111 (cum
755 3047 901 3110 placamus.
918 3047 987 3097 Ptin.
1007 3048 1106 3106 1u17.
1126 3058 1218 3094 cerrus
1235 3046 1330 3095 sarnus
1349 3045 1431 3111 fagus
1445 3047 1509 3096 Lor.

370 3148 405 3181 ear
422 3134 438 3185 ἱ.
462 3131 528 3193 VII,
548 3135 570 3189 1,
589 3131 627 3193 2).
652 3127 663 3196 Η
688 3132 769 3195 iper
786 3129 867 3181 huius
885 3146 931 3195 epo
952 3127 1028 3194 (suas
1046 3128 1142 3194 Mar.):
1166 3129 1248 3193 pulsa
1272 3130 1323 3179 GH
1341 3128 1448 3195 (pervia
1467 3146 1511 3181 ra-

370 3217 454 3265 ritate
471 3214 546 3278 don).
569 3211 581 3280 Η
596 3218 620 3286 11
638 3216 765 3265 humores
782 3216 852 3267 «leat
871 3214 1087 3279 utha->Hlmoria
1107 3215 1166 3265 GH.
1185 3211 1198 3281 Η
1221 3217 1236 3264 3
1254 3215 1331 3263 vitex
1345 3215 1396 3264 GH
1414 3215 1456 3277 (L,
1469 3216 1511 3265 vi-

369 3339 412 3383 tes
431 3334 474 3398 le).
498 3331 510 3400 Η
533 3337 549 3383 4
565 3337 716 3398 temperate
735 3341 795 3383 ante
812 3349 882 3384 corr.
904 3333 925 3382 G
944 3304 1016 3399 (-1ζ1
1036 3333 1079 3395 0⁶,
1099 3334 1192 3383 deinde
1209 3334 1275 3383 idem
1292 3348 1381 3383 ruratio
1400 3349 1417 3382 a
1434 3349 1510 3384 eraso

369 3427 395 3469 et
409 3425 503 3484 puncto
521 3422 547 3468 in
564 3419 660 3468 lamam
671 3425 765 3469 mutato
783 3419 875 3483 -telz
894 3422 1050 3480 temperata
1067 3419 1097 3467 H
1115 3416 1195 3482 (Llc).
1218 3414 1230 3484 Η
1254 3418 1356 3468 terreni
1373 3418 1510 3469 habentes

371 3504 487 3567 (habens
505 3510 564 3554 ante
582 3519 650 3553 corr.
671 3502 702 3568 G)
728 3504 792 3566 GH,
811 3503 853 3553 ubi
870 3504 952 3553 delevi
968 3502 1114 3554 habentes.
1134 3500 1146 3569 Η
1166 3505 1182 3554 5
1201 3509 1378 3568 comparatae
1397 3505 1437 3554 ed.
1458 3505 1509 3553 Fr:

372 3593 533 3654 comparata
551 3590 580 3638 H
598 3585 723 3653 (uento),
746 3591 900 3654 temperata
919 3593 978 3637 ante
1001 3602 1069 3636 corr.
1091 3587 1120 3638 G.
1144 3584 1157 3654 Η
1177 3588 1304 3639 videntur
1328 3588 1375 3638 6⁶:
1399 3589 1511 3638 videtur

371 3671 471 3736 (-&ur
489 3672 528 3737 H)
549 3674 607 3723 GH.
629 3667 641 3739 Η
662 3675 678 3723 6
697 3673 782 3724 durae
802 3671 867 3737 (ed.)
883 3672 1077 3725 ...candidae
1097 3671 1150 3736 (ed.
1168 3674 1233 3737 Fi.):
1253 3673 1377 3727 dura...
1392 3673 1511 3723 candida

372 3758 422 3807 GH
442 3757 524 3819 (-du
542 3765 601 3807 ante
618 3759 667 3821 ips.
686 3774 755 3809 corr.
771 3758 811 3822 G).
834 3755 846 3824 Η
869 3756 1051 3821 'Isclupturis
1071 3758 1100 3808 6.
1124 3753 1136 3824 Η
1159 3760 1175 3808 9
1193 3759 1304 3808 minime
1324 3755 1431 3820 (—-mae
1450 3764 1511 3807 ante

369 3857 422 3893 rar.
442 3842 471 3889 H
489 3847 514 3889 et
532 3840 565 3903 L)
584 3841 714 3891 materies
734 3843 761 3890 H
780 3842 863 3906 (Llc):
891 3841 1002 3892 minime
1025 3842 1192 3893 admateries
1212 3843 1241 3893 6.
1265 3838 1277 3907 Η
1306 3845 1335 3891 11
1360 3844 1456 3906 itaque
1481 3842 1510 3890 iu

369 3925 539 3992 palustribus
557 3923 634 3975 Sola.
653 3923 755 3990 (Lor.):
773 3927 872 3990 Itaque
892 3925 948 3988 (Ita
966 3925 1032 3989 quia
1045 3926 1080 3990 L)
1099 3941 1153 3976 non
1173 3927 1262 3977 minus
1280 3926 1385 3976 habent
1401 3927 1431 3974 in
1450 3941 1510 3976 cor-

370 4061 434 4110 pore
453 4006 555 4093 timoris
572 4046 601 4091 in
618 4042 789 4107 plaustribus
812 4040 993 4110 (palustribus
1011 4044 1046 4108 L)
1065 4045 1094 4093 H
1113 4041 1196 4108 (Llc),
1219 4046 1319 4106 Itaque
1342 4043 1396 4092 noir
1420 4044 1510 4093 minus

370 4128 475 4196 habent
495 4128 654 4192 incorpore
674 4129 776 4178 umoris
793 4129 994 4193 inpalustribus
1014 4129 1036 4178 G
1053 4125 1107 4192 (ubi
1124 4142 1178 4177 non
1197 4135 1222 4177 et
1239 4142 1258 4175 n
1276 4129 1343 4176 delet
1362 4126 1417 4190 (3⁶).
1442 4122 1454 4192 Η
1478 4129 1509 4177 12

370 4214 467 4263 crebra
485 4216 516 4270 lc,
546 4210 557 4278 Η
587 4214 617 4262 13
635 4212 782 4276 incorpora
805 4215 825 4271 ἱ,
848 4213 1004 4278 incorporia
1022 4214 1061 4265 oh.
1087 4209 1099 4278 Η
1129 4213 1161 4260 14
1178 4215 1340 4276 permanent
1363 4217 1422 4261 ante
1440 4227 1508 4262 corr.

372 4299 400 4348 6.
424 4293 436 4363 Η
460 4297 491 4347 15
509 4299 581 4362 Itaq3
602 4295 639 4361 (qr
656 4294 687 4360 G)
703 4296 754 4347 GH
766 4293 844 4359 (corr.
856 4298 934 4362 doc).
957 4295 970 4364 Η
994 4301 1024 4349 17
1037 4298 1154 4347 maxime
1166 4296 1236 4347 doc:
1256 4295 1374 4345 maximia
1388 4296 1417 4344 H
1428 4294 1509 4360 (hle),

353 4381 514 4430 'maximum
535 4381 564 4430 G.
588 4377 600 4447 Η
624 4384 654 4432 19
672 4381 776 4432 habent
789 4383 845 4432 ert:
863 4381 987 4432 habeant
1005 4379 1156 4446 (habelant
1167 4380 1206 4444 H)
1227 4379 1285 4430 GH.
1307 4374 1319 4445 Η
1342 4382 1376 4430 20
1393 4380 1510 4430 flaxinus

371 4473 429 4516 ante
447 4482 516 4519 corr.
537 4467 558 4516 G
576 4466 708 4527 (frasinus
726 4466 754 4531 l).
776 4463 788 4531 Η
811 4467 913 4516 umoris
930 4467 960 4514 H
976 4472 1001 4515 et
1019 4473 1078 4515 ante
1090 4480 1159 4517 corr.
1174 4461 1296 4530 G(-:res
1316 4461 1420 4530 coare),
1442 4460 1455 4530 Η
1476 4467 1508 4514 21

372 4554 523 4616 temperate
542 4551 614 4617 (—tp
635 4550 678 4616 6⁶)
698 4551 829 4601 mixtione
849 4550 883 4608 G,
905 4543 1078 4615 temperata}
1095 4549 1244 4599 amixtione
1262 4549 1292 4597 H
1314 4546 1341 4611 (i.
1359 4562 1384 4601 e.
1406 4553 1508 4614 tempe-

372 4633 496 4701 ratae[=
513 4634 584 4701 —te]
604 4633 660 4702 m),
678 4639 744 4687 unde
760 4638 824 4686 male
836 4635 897 4686 Llc:
916 4638 1070 4699 temperata
1087 4633 1241 4686 amixtione.
1263 4629 1276 4699 Η
1298 4631 1432 4698 cupa‘rate
1449 4640 1509 4684 ante

373 4734 440 4770 corr.
462 4720 492 4774 θ.
