3784 5625
375 639 438 705 228
869 655 1027 704 vrsnuvn

350 859 360 869 ,
461 810 556 873 Nunc
578 808 619 872 de
642 810 757 872 ceteris
781 810 943 874 sideribus
974 831 1057 896 quae
1085 818 1161 873 sunt
1188 810 1308 873 dextra
1329 815 1368 872 'ac
1390 808 1519 873 sinistra

378 932 492 976 zonam
521 910 688 994 signorum
723 911 904 974 meridiana
938 910 1250 998 septentrionalique
1283 919 1375 996 parte
1408 910 1519 973 mundi

326 1028 363 1077 VI
376 1011 479 1076 stellis
499 1011 658 1098 disposita
680 1011 881 1098 figurataque
904 1013 1021 1076 dicam.
1057 1034 1198 1098 namque
1212 1012 1404 1098 septentrio,
1429 1033 1520 1097 quem
1536 1024 1581 1087 (lv)

377 1114 496 1179 Gracci
510 1114 678 1178 nominant
693 1136 818 1196 αρκτον
834 1114 904 1177 sive
921 1118 1045 1197 ελικην,
1067 1113 1166 1178 habet
1181 1121 1256 1200 post
1270 1134 1306 1176 se
1322 1112 1519 1177 conlocatum

343 1234 358 1280 5
377 1214 555 1279 custodem.
591 1216 633 1278 ab
657 1236 694 1280 eo
716 1237 780 1279 non
795 1215 891 1299 longe
907 1215 1108 1279 conformata
1123 1224 1172 1279 est
1187 1216 1293 1299 virgo,
1317 1216 1410 1279 euius
1425 1203 1520 1301 supra

375 1339 522 1381 umerum
545 1317 697 1379 dextrum
720 1316 922 1380 lucidissima
945 1315 1040 1381 stella
1062 1316 1188 1399 nititur,
1212 1336 1310 1402 quam
1329 1317 1436 1381 nostri
1451 1338 1519 1403 pro-

377 1419 659 1501 vindemiatorem‚
684 1417 803 1482 Graeci
826 1439 1065 1502 προτρυγητην
1081 1427 1210 1484 vocant.
1248 1416 1392 1481 candens
1415 1427 1518 1481 autem

376 1522 481 1604 inagis
497 1521 588 1606 spica
605 1521 673 1583 eius
692 1529 751 1583 est.
790 1519 931 1586 colorata
953 1521 1031 1583 item
1053 1517 1118 1582 alia
1140 1528 1253 1583 contra
1275 1528 1324 1582 est
1346 1516 1444 1583 stella
1457 1524 1518 1581 m'c·

377 1622 431 1684 dia
453 1642 630 1705 genuorum
655 1621 798 1685 custodis
821 1623 918 1704 arcti,
943 1622 999 1707 qui
1020 1630 1168 1686 arcturus
1191 1621 1324 1704 dicitur,
1348 1630 1381 1685 et
1404 1628 1453 1684 est
1474 1618 1546 1683 ibis

328 1738 358 1783 ro
377 1722 548 1786 dedicatus
565 1744 582 1784 e
597 1723 729 1806 regione
745 1724 862 1809 eapitis
878 1725 1120 1810 septentrionis,
1143 1733 1350 1786 transversus
1365 1722 1409 1785 ad
1425 1722 1519 1808 pedes

377 1825 579 1908 geminorum
606 1824 721 1908 auriga
749 1833 813 1887 stat
840 1824 875 1886 in
903 1847 1027 1888 summo
1055 1846 1154 1889 cornu
1182 1825 1284 1906 tauri,
1319 1825 1464 1909 itemque
1489 1823 1519 1885 iu

377 1947 501 1988 summo
524 1946 624 1988 cornu
646 1924 739 1988 laevo
762 1927 848 1988 tauri
870 1935 902 1989 et
922 1927 1037 2011 auriga
1060 1925 1153 2013 pedis
1168 1909 1266 1988 imam
1281 1934 1373 1989 tenet
1387 1934 1519 2011 partem.

378 2025 491 2090 stellae
507 2026 605 2089 etiam
620 2025 827 2113 appellantur
841 2027 883 2090 ad
899 2028 1033 2112 aurigae
1047 2049 1163 2091 manus
1178 2026 1291 2109 haedi,
1315 2048 1415 2114 capra
1430 2024 1519 2090 laevo

375 2149 498 2191 umero.
533 2128 619 2190 tauri
642 2126 774 2213 quidem
797 2138 828 2192 et
849 2129 963 2193 arietis
986 2131 1119 2215 insuper
1134 2130 1273 2193 Perseus
1296 2128 1422 2192 habens
1445 2128 1519 2191 dex·

328 2244 359 2291 15
378 2227 551 2293 terioribus
576 2228 855 2294 subtercurrentes
883 2229 989 2294 basim
1017 2231 1190 2315 vergilias,
1222 2252 1242 2293 a
1265 2230 1519 2295 sinisterioribus

378 2340 475 2417 caput
497 2332 620 2414 arietis,
645 2327 677 2394 e't
698 2354 797 2396 manu
820 2334 937 2396 dextra
965 2333 1109 2396 iimitens
1132 2332 1310 2417 Cassiopae
1338 2330 1519 2413 simulacro,

377 2430 471 2495 laeva
493 2454 592 2519 supra
614 2436 700 2497 tauri
722 2444 812 2499 tenet
833 2456 1044 2520 gorgoneum,
1068 2456 1229 2497 summum
1244 2443 1344 2519 caput
1360 2433 1520 2497 subiciens

378 2533 607 2597 Andromedae
634 2535 785 2621 pedibus.
840 2537 919 2600 item
954 2536 1059 2622 pisces
1095 2557 1193 2622 supra
1218 2534 1465 2598 Andromedam
1492 2543 1549 2595 ets

379 2638 454 2722 equi
480 2644 594 2699 venter
626 2636 761 2723 alaeque
794 2660 876 2724 quae
908 2646 984 2701 sunt
1017 2658 1115 2723 supra
1144 2637 1273 2722 spinam
1305 2638 1380 2722 equi
1387 2687 1397 2720 ,
1433 2637 1521 2699 cuius

329 2750 363 2795 20
381 2738 504 2800 ventris
528 2738 731 2801 lucidissima
755 2738 849 2803 stella
871 2739 943 2803 finit
959 2749 1106 2802 ventrem
1130 2740 1204 2826 equi
1228 2748 1260 2802 et
1282 2748 1380 2825 caput
1396 2738 1521 2829 Andro·

378 2840 503 2902 medae.
549 2861 663 2904 manus
686 2841 916 2906 Andromedae
945 2843 1064 2906 dextra
1092 2863 1192 2927 supra
1220 2841 1399 2926 Cassiopae
1427 2842 1521 2904 simu-

378 2939 502 3004 lacrum
529 2951 578 3005 est
607 2945 799 3027 constituta,
828 2943 923 3008 laeva
950 2943 994 3008 ad
1022 2941 1240 3030 aquilonalem
1266 2943 1402 3029 piscem.
1447 2944 1522 3006 item

377 3183 540 3248 evagando:
557 3186 595 3234 sic
615 3183 699 3236 ΕΘΗ.
723 3181 736 3250 [l
759 3187 775 3234 4
794 3189 899 3234 arctum
919 3185 979 3234 sive
997 3183 1104 3234 helicen
1124 3181 1230 3246 t-cem
1247 3183 1285 3248 E)
1308 3183 1396 3235 ΕΘΗ.
1419 3179 1432 3248 ll
1456 3187 1472 3234 5
1490 3183 1522 3232 ab

378 3284 411 3317 eo
432 3268 492 3320 Ee:
512 3284 558 3318 om.
580 3269 609 3317 H
627 3265 707 3332 (hle).
732 3265 744 3334 Η
767 3268 1080 3334 bprovindemiatorem
1098 3268 1229 3332 Scaliger:
1247 3268 1424 3332 providentia
1441 3268 1524 3318 maio-

379 3368 421 3401 res
440 3352 526 3401 ΕΘΗ.
548 3349 559 3417 Η
583 3353 597 3401 7
615 3366 815 3419 προτρυγητην
828 3353 897 3403 Scsl.
912 3352 1003 3416 (doc.):
1016 3351 1213 3417 *propygethon
1228 3352 1286 3414 GH,
1301 3353 1450 3419 -pigeton
1464 3353 1497 3404 Ε.
1511 3347 1522 3416 l:

379 3437 395 3484 8
414 3436 492 3499 spica
511 3435 591 3485 Piis:
612 3436 718 3500 species
740 3438 824 3488 ΕΘΗ.
849 3435 860 3504 ll
885 3439 1022 3487 colorata:
1044 3439 1082 3485 sic
1099 3436 1178 3486 ΕΘΗ
1197 3434 1346 3499 (collecata
1368 3437 1452 3499 Mer).
1475 3433 1488 3502 ΙΙ
1510 3439 1524 3486 9

380 3532 510 3581 generum
528 3518 562 3566 Ε.
586 3516 598 3582 ΙΙ
622 3520 749 3570 custodes
768 3531 827 3572 urite
845 3538 912 3572 corr.
931 3522 967 3571 H.
985 3517 997 3586 ΙΙ
1013 3521 1132 3574 dicitur.
1147 3525 1190 3570 est
1207 3521 1247 3570 ibi
1259 3520 1342 3570 ΕΘΗ
1357 3519 1455 3591 (otest
1471 3536 1524 3585 eye,

381 3603 452 3665 quod
473 3606 515 3650 est
532 3602 625 3667 Mam).
650 3600 662 3669 l}
686 3606 717 3655 10
735 3606 878 3656 dedicatus
897 3609 932 3655 lc:
952 3605 1090 3655 delicatus
1109 3604 1188 3654 ΕΘΗ
1199 3600 1256 3667 (L).
1280 3600 1292 3670 ΙΙ
1316 3607 1348 3654 12
1367 3605 1454 3669 pedes
1472 3621 1525 3654 uns

379 3690 456 3735 tenet
478 3691 557 3750 parte
582 3686 691 3737 stellam
716 3687 733 3751 (.
744 3690 802 3754 ΕΘ)
826 3689 848 3740 ds
872 3689 910 3755 (et
930 3687 962 3754 Θ)
988 3689 1166 3755 appellantur
1188 3694 1304 3754 aurigae
1328 3705 1427 3740 munus
1449 3689 1525 3740 ΕΘΗ

381 3770 470 3834 (pedis
493 3771 548 3820 ima
572 3772 651 3830 Mer„
671 3773 753 3823 imam
838 3779 945 3838 partem
960 3773 1225 3826 .stellaeetiam...
1240 3773 1275 3822 sd
1293 3772 1360 3838 epo).
1385 3771 1397 3840 ll
1421 3776 1454 3824 14
1465 3790 1524 3839 per-

382 3871 446 3905 seus
464 3856 666 3906 dexterioribus
685 3858 780 3908 subter
799 3874 911 3908 currens
929 3859 1025 3908 basem
1038 3845 1172 3922 vergilias
1185 3858 1368 3908 sinisterioris
1388 3842 1523 3920 (asinisle-

381 3941 460 3989 rioris
479 3939 517 4003 Η)
543 3945 628 4006 caput
650 3942 729 3991 EGH
753 3940 869 4006 (habens
892 3945 954 3993 add.
977 3945 1010 3993 ul.
1036 3942 1119 4001 Mar„
1143 3946 1285 3993 currentes
1306 3958 1368 4008 eye,
1392 3943 1482 3994 basim
1500 3949 1523 3991 st

379 4025 450 4088 infr-u
465 4042 495 4088 p.
513 4028 574 4083 231,
596 4028 611 4073 9
629 4024 699 4090 eta).
717 4020 729 4092 [l
751 4028 783 4077 16
801 4027 923 4076 innitens
942 4029 970 4076 Η
989 4026 1073 4090 (Llc):
1093 4027 1236 4076 inmittens
1257 4027 1313 4080 ΕΘ.
1333 4022 1345 4092 ll
1370 4027 1524 4093 cassiepise

383 4109 459 4158 ΕΘΗ
479 4110 546 4172 (Llc,
559 4111 606 4159 sed
624 4111 762 4176 cassiepie
781 4113 802 4160 lc
814 4119 839 4160 et
850 4111 890 4160 tic
903 4119 927 4161 et
945 4111 1016 4174 infra
1029 4114 1071 4165 21.
1084 4114 1144 4174 229,
1158 4116 1175 4162 5
1186 4118 1211 4160 et
1223 4113 1285 4170 230,
1300 4110 1352 4176 10).
1367 4108 1380 4178 Η
1400 4115 1430 4163 17
1443 4127 1523 4177 supra

381 4195 453 4242 tauri
472 4209 532 4257 epo:
552 4208 635 4258 supra
655 4196 751 4259 auriga
770 4192 877 4260 (-gam
897 4194 931 4258 E)
953 4195 1036 4245 ΕΘΗ.
1061 4192 1072 4260 ll
1096 4199 1192 4245 tenent
1209 4197 1234 4244 Ε
1249 4202 1277 4244 et
1294 4202 1354 4244 oute
1372 4211 1442 4246 cerr.
1463 4201 1491 4250 G.
1511 4196 1521 4259 li

380 4291 512 4327 summum
530 4293 588 4342 epe:
609 4278 777 4328 adsummum
794 4280 881 4329 EGH.
904 4277 915 4344 ΙΙ
937 4279 1077 4329 subiciens
1089 4280 1173 4333 Marx:
1192 4281 1388 4346 subiciensque
1405 4281 1491 4332 ΕΘΗ.
1511 4282 1521 4346 Ι,

383 4362 413 4408 18
431 4361 555 4425 pedibus.
582 4363 652 4411 Item
675 4364 781 4428 pisces:
809 4367 846 4414 sic
864 4363 949 4413 EGH.
974 4360 986 4429 ΙΙ
1012 4378 1095 4428 supra
1115 4365 1213 4430 auriga
1239 4365 1407 4416 andromeda
1425 4366 1448 4415 Θ
1466 4362 1524 4429 (nou

366 4445 427 4508 'E)‚
446 4447 494 4495 sed
512 4445 608 4510 auriga
627 4449 675 4496 del.
697 4447 739 4498 G0.
764 4443 775 4513 ΙΙ
806 4452 833 4497 et
856 4448 920 4513 equi
942 4453 1040 4497 venter
1063 4448 1179 4513 alaeque
1203 4463 1275 4512 quae
1299 4450 1387 4500 Maru:
1414 4453 1444 4499 et
1467 4448 1523 4498 eius

381 4529 486 4578 ventris
505 4533 533 4577 et
557 4532 674 4594 equique
699 4531 734 4594 (a
754 4533 845 4598 equiq3
867 4534 907 4591 Η,
931 4531 954 4582 dr
977 4533 1039 4597 equi
1063 4549 1115 4599 quq
1138 4533 1174 4592 Ε,
1199 4536 1228 4582 et
1246 4534 1340 4598 eqniqr
1361 4533 1397 4593 Θ,
1420 4534 1470 4583 sed
1492 4533 1524 4582 60

382 4617 409 4660 et
428 4614 491 4677 equi
511 4613 569 4678 qui)
588 4615 673 4667 EGH.
691 4612 703 4682 ΙΙ
719 4619 750 4666 21
766 4617 910 4683 cassiopas
925 4619 953 4665 H
966 4614 1049 4680 thiel:
1070 4617 1208 4683 cassiopie
1226 4618 1282 4668 ΕΘ.
1305 4614 1317 4684 ΙΙ
1340 4620 1373 4668 22
1386 4616 1521 4682 le(oEGl·

382 4710 418 4744 va
436 4697 620 4772 aquilonalem
639 4699 684 4762 (ad
702 4703 763 4752 add.
783 4699 873 4765 Mae).
