3784 5625
684 654 731 712 ns
754 663 1021 733 sacurrnoruss
1043 664 1113 711 mn.
1137 663 1185 711 rx.
1443 648 1505 714 237

363 821 442 883 item
471 840 512 881 ex
539 818 590 882 his
623 818 796 902 generibus
825 818 965 882 viatoria
999 815 1137 904 pensilia
1169 817 1218 880 uti
1249 816 1364 881 fierent
1398 816 1506 904 plures

364 922 486 1007 scripta
500 917 710 1004 reliquerunt.
749 942 789 982 ex
811 942 945 1005 quorum
967 918 1061 982 libris
1078 918 1106 981 si
1122 918 1177 1002 qui
1192 917 1273 981 velit
1289 917 1506 982 subiectiones

364 1023 512 1085 invenire
535 1022 670 1108 poterit,
699 1020 874 1085 dummodo
897 1016 980 1084 sciat
1007 1018 1237 1083 analemmatos
1261 1019 1506 1104 descriptiones.

330 1139 344 1184 a
449 1122 533 1185 Item
557 1132 632 1186 sunt
661 1144 702 1184 ex
730 1145 814 1207 aqua
842 1123 1044 1207 conquisitae
1071 1120 1113 1184 ab
1141 1120 1264 1184 eisdem
1294 1120 1506 1207 scriptoribus

364 1221 605 1307 horologiorum
633 1225 790 1305 rationes,
820 1224 1025 1309 primumque
1052 1244 1071 1285 a
1100 1221 1246 1286 Ctesibio
1269 1222 1542 1303 Alexandrino,5

365 1326 420 1410 qui
450 1334 482 1388 et
510 1325 578 1387 vim
607 1325 741 1411 spiritus
777 1315 932 1388 naturalis
966 1320 1252 1410 pneumaticasque
1283 1346 1335 1386 res
1370 1324 1507 1387 invenit.

364 1426 423 1488 scd
445 1427 494 1487 uti
517 1424 639 1489 fuerint
662 1447 699 1489 ea
722 1427 896 1511 exquisita,
920 1425 1055 1510 dignum
1077 1434 1126 1489 est
1146 1424 1300 1517 studiosis
1321 1446 1507 1509 agnoscere.

365 1527 531 1591 Ctesibius
561 1528 646 1590 euim
674 1526 781 1590 fuerat
802 1526 1024 1613 Alexandriae
1051 1537 1146 1590 natus
1174 1535 1266 1612 patre
1295 1535 1435 1591 tonsore.
1479 1527 1507 1589 is
1577 1560 1584 1567 .

366 1630 497 1713 ingenio
521 1628 738 1692 et-industria
760 1651 878 1714 magna
899 1638 1028 1716 praeter
1050 1627 1192 1713 reliquos
1215 1626 1377 1692 excellens
1400 1627 1507 1695 dictus

365 1739 414 1793 est
436 1729 621 1794 artificiosis
643 1730 741 1796 rebus
764 1753 797 1793 se
820 1730 994 1794 delectare.
1038 1751 1176 1816 namque
1198 1752 1272 1793 cum
1293 1728 1452 1793 voluisset
1473 1729 1507 1791 in
1527 1744 1558 1790 10

364 1831 499 1895 taberna
529 1832 579 1895 sui
608 1831 708 1918 patris
738 1830 904 1918 speculum
933 1833 980 1895 ita
1007 1832 1150 1918 pendere
1177 1841 1213 1895 ut
1240 1853 1313 1895 cum
1336 1830 1509 1895 duceretur

366 1954 540 2019 susumque
562 1933 780 2015 reduceretur,
804 1932 890 1997 linea
904 1932 1009 1997 latens
1026 1933 1153 2019 pondus
1168 1932 1349 2014 reduceret,
1372 1934 1418 1996 ita
1434 1953 1508 1995 con-

329 2054 345 2100 3
365 2031 486 2098 locavit
501 2034 781 2099 machinationem.
820 2035 964 2099 canalem
986 2034 1131 2120 ligneum
1153 2034 1214 2098 sub
1236 2036 1328 2119 tigno
1350 2033 1425 2098 fixit
1446 2033 1507 2097 ibi-

366 2158 428 2221 que
456 2135 593 2200 trocleas
628 2135 820 2201 conlocavit.
877 2160 934 2223 per
963 2135 1107 2200 canalem
1141 2136 1259 2199 lineam
1287 2137 1322 2198 in
1353 2132 1506 2219 angulum

366 2236 504 2302 deduxit
526 2238 638 2323 ibique
660 2236 790 2303 tubulos
813 2240 943 2302 struxit.
988 2239 1021 2301 in
1045 2260 1099 2301 eos
1121 2237 1221 2324 pilam
1243 2235 1428 2322 plumbeam
1450 2256 1508 2320 per
1529 2250 1559 2297 15

366 2339 484 2403 lineam
507 2339 741 2404 demittendam
764 2340 901 2404 curavit.
939 2341 986 2403 ita
1008 2338 1134 2425 pondus
1158 2360 1230 2401 cum
1253 2335 1455 2401 decurrendo
1473 2336 1507 2398 in

366 2442 545 2525 augustias.
558 2439 746 2505 tubulorum
773 2450 934 2527 premeret
963 2440 1042 2503 caeli
1071 2437 1293 2520 crebritatem,
1322 2437 1506 2501 vehementi

365 2544 505 2605 decursu
527 2565 584 2628 per
606 2542 716 2606 fauces
739 2542 955 2628 frequentiam
979 2540 1060 2604 caeli
1082 2542 1320 2627 compressione
1336 2536 1507 2602 solidatam
1538 2558 1547 2572 ·

366 2644 543 2707 extrudens
572 2646 606 2706 in
635 2665 744 2706 aerem
771 2652 935 2729 patentem
964 2642 1139 2707 offensione
1165 2651 1270 2706 tactus
1297 2641 1423 2706 sonitus
1451 2661 1506 2703 ex·

329 2764 346 2809 4
365 2756 528 2834 presserat
550 2743 738 2809 claritatem.
777 2767 854 2830 ergo
874 2744 1039 2809 Ctesibius
1062 2767 1135 2808 cum
1156 2741 1443 2807 animadvertisset
1465 2763 1507 2805 ex
1525 2756 1559 2804 20

364 2857 454 2913 tactu
482 2846 564 2910 caeli
592 2857 624 2910 ct
657 2847 923 2934 expressionibus
957 2847 1090 2932 spiritus
1119 2867 1281 2932 vocesque
1313 2845 1419 2928 nasci,
1455 2843 1507 2907 his

365 2949 535 3036 principiis
557 2971 635 3012 usus
657 2947 866 3034 hydraulicas
894 2947 1060 3012 machinas
1084 2948 1208 3033 primus
1231 2948 1385 3012 instituit.
1430 2946 1507 3010 item

365 3073 522 3136 aquarum
551 3051 778 3137 expressiones
806 3059 1171 3136 automatopoeetasquc
1198 3031 1364 3112 madhinas
1391 3046 1507 3111 multa-

367 3174 429 3237 que
457 3151 647 3216 deliciarum
674 3174 809 3237 genera,
837 3153 872 3215 in
893 3151 944 3214 his
967 3152 1065 3215 etiam
1091 3149 1333 3234 horologiorum
1361 3172 1403 3212 ex
1424 3171 1508 3234 aqua

367 3255 624 3341 comparationes
658 3251 825 3340 explicuit.
881 3254 1086 3340 primumque
1119 3253 1288 3317 constituit
1316 3273 1432 3315 cavum
1466 3272 1508 3313 ex
1526 3265 1559 3311 ‘25

436 3514 448 3561 1
468 3512 533 3560 item
552 3513 607 3564 ed:
627 3511 698 3561 idem
718 3513 776 3563 GH.
801 3509 813 3578 ΙΙ
835 3511 952 3577 pensilia
971 3511 1022 3562 GH
1039 3511 1082 3571 (L,
1101 3511 1257 3577 penonsilia
1269 3509 1313 3576 lc).
1337 3505 1350 3577 ll
1371 3512 1387 3560 2
1405 3511 1430 3559 si
1449 3509 1509 3574 qui:

336 3642 339 3644 ,
365 3597 403 3645 sic
428 3597 485 3645 GH.
513 3591 525 3660 ΙΙ
552 3598 568 3644 5
592 3611 609 3643 a
633 3595 754 3647 Ctesibio
782 3598 822 3645 ed.
846 3598 899 3650 rt:
927 3596 1050 3647 aclesbio
1079 3597 1130 3646 GH
1157 3596 1291 3661 (delesbio
1315 3596 1350 3653 L,
1379 3594 1509 3644 scbesbio

366 3684 402 3738 Ic,
433 3678 539 3728 alesbio
566 3685 625 3728 arete
652 3694 720 3728 corr.
748 3678 776 3738 Ιι,
805 3680 928 3731 aclesbio
956 3679 1004 3745 110).
1033 3677 1045 3747 ΙΙ
1080 3682 1095 3729 6
1124 3686 1152 3731 et
1178 3682 1233 3731 vim
1260 3683 1320 3744 eqo:
1352 3677 1404 3728 &ri
1430 3676 1513 3741 (etiai'

368 3763 428 3813 GH.
453 3758 464 3827 Η
487 3763 731 3825 pneumaticasque
751 3761 828 3825 (ed.):
856 3765 921 3814 ineis
940 3765 1071 3828 atticssq3
1092 3764 1151 3815 GH.
1174 3761 1186 3831 ll
1210 3766 1225 3813 7
1248 3765 1359 3827 dignum
1377 3762 1509 3812 studiosis

369 3847 422 3896 GH
439 3845 466 3908 (i.
486 3861 508 3898 e.
528 3846 666 3909 dignumst
684 3845 826 3897 studiosis:
846 3851 888 3898 est
905 3849 967 3897 add.
981 3848 1037 3898 Jcr.
1054 3849 1102 3897 sed
1118 3856 1177 3912 post
1195 3845 1347 3908 studiosis),
1371 3843 1382 3912 ll
1405 3848 1421 3894 8
1440 3845 1508 3894 cles·

368 3950 430 3997 hius
451 3947 509 3998 GH.
532 3943 544 4013 ΙΙ
569 3948 599 3997 10
622 3931 792 4016 sedelectsre
818 3948 852 3997 G⁶
875 3946 955 4011 (cuius
977 3951 1109 4012 exemplar
1126 3948 1212 3997 habuit
1228 3931 1420 4016 seddelectare
1443 3952 1470 3993 ut
1491 3949 1508 4003 1,

368 4015 539 4081 sellelectare
567 4030 623 4093 Lv),
644 4026 657 4096 11
688 4033 717 4080 12
745 4046 837 4080 susum
866 4033 917 4082 GH
944 4031 992 4096 (L,
1019 4033 1067 4081 sed
1092 4046 1198 4081 sursum
1227 4031 1275 4086 Lc,
1302 4044 1407 4078 rursum
1429 4027 1472 4091 Ic).
1495 4025 1506 4092 ll

368 4117 515 4166 reduceret
545 4116 628 4165 Man:
663 4115 809 4165 deduceret
843 4117 901 4168 GH.
929 4112 941 4181 Η
969 4117 1001 4165 14
1029 4115 1142 4164 linesmr
1173 4114 1265 4178 lignei
1296 4121 1355 4163 ante
1382 4128 1452 4163 corr.
1481 4113 1509 4161 H

369 4201 421 4265 (tc).
445 4199 457 4267 ΙΙ
487 4202 517 4249 16
540 4198 736 4249 demittendam
759 4199 792 4247 H
816 4197 912 4263 (G0L):
942 4199 1133 4250 dimittendam
1157 4199 1179 4248 G
1201 4196 1256 4260 (lc).
1280 4194 1292 4263 ΙΙ
1322 4198 1353 4247 18
1381 4212 1509 4262 conpres-

369 4287 446 4335 sione
477 4287 509 4335 G:
540 4283 745 4348 confreslsione
775 4284 802 4332 H
829 4282 994 4346 (c'iressione
1021 4284 1057 4343 L,
1085 4282 1260 4332 confessione
1286 4281 1329 4343 tc).
1358 4277 1371 4348 ῘΙ
1405 4283 1436 4331 19
1464 4297 1511 4330 ex·

368 4374 463 4418 truens
481 4372 512 4422 lc.
536 4365 548 4434 ΙΙ
572 4367 721 4418 offensione
740 4371 830 4417 tactus
854 4383 912 4432 epo:
940 4366 1090 4417 offensione
1112 4371 1189 4415 tactu
1209 4365 1268 4418 GH.
1295 4361 1308 4431 ll
1335 4367 1368 4414 20
1390 4364 1509 4416 clesbies

372 4455 402 4518 G,
421 4454 540 4503 clesbins
559 4454 589 4501 H
606 4450 684 4516 (Llr).
707 4450 720 4520 ΙΙ
741 4469 773 4502 ex
787 4456 862 4501 tactu
882 4453 935 4501 ert:
956 4454 1082 4500 extracta
1103 4450 1162 4500 GH.
1181 4445 1194 4516 ΙΙ
1214 4451 1246 4499 21
1266 4449 1368 4514 spritus
1387 4445 1508 4515 [11110-

285 4583 286 4588 ,
371 4553 483 4601 resque:
502 4540 539 4587 sic
559 4538 621 4587 GH.
645 4534 657 4603 ΙΙ
680 4540 712 4586 22
735 4536 855 4586 instituit
877 4537 908 4585 H
929 4534 1049 4599 (G0Llc):
1073 4535 1202 4584 instruxit
1225 4533 1247 4583 G
1269 4533 1329 4596 (sed
1348 4550 1428 4598 supra
1448 4533 1510 4582 Gci

370 4622 401 4672 al
418 4619 560 4685 instituit).
576 4618 588 4687 ll
604 4624 636 4672 23
656 4625 966 4687 automatopoeetasque
984 4620 1074 4670 Tarm:
1094 4623 1235 4669 automato
1251 4618 1369 4683 pictasq3
1388 4618 1418 4666 H
1430 4613 1509 4683 (Llc),

371 4712 509 4758 sistemate
527 4707 628 4772 pitasqr
650 4708 678 4761 G.
1148 4718 1158 4725 ·
