3784 5625
396 666 460 730 128
885 680 1040 729 v1rruvn

397 835 541 921 porticus
564 840 647 913 tres,
671 854 736 895 una
758 854 800 895 ex
822 833 992 919 peristylio
1016 834 1222 915 exeuntibus,
1245 833 1330 898 duae
1353 836 1471 899 dextra
1491 847 1537 902 at-

398 957 460 1022 que
487 935 621 998 sinistra
648 934 824 1014 stadiatae,
853 956 895 997 ex
922 934 1040 1021 quibus
1068 958 1133 999 una
1161 958 1244 1022 quae
1272 939 1472 1022 spectaverit
1498 939 1539 1002 ad

396 1037 665 1123 septentrionem,
694 1035 881 1121 perficiatur
903 1036 1027 1123 duplex
1053 1037 1255 1123 amplissima
1276 1036 1467 1121 latitudine,
1494 1038 1538 1102 al·
1628 1036 1634 1046 '

397 1148 485 1202 terac
507 1135 672 1223 simplices
702 1136 877 1200 itafactae
899 1140 948 1227 uti
970 1138 1174 1226 inpartibus
1205 1160 1289 1225 quae
1310 1138 1435 1205 fuerint
1456 1142 1540 1203 circa

364 1240 538 1326 sparietes
568 1248 599 1302 et
628 1259 710 1323 quae
738 1248 832 1302 erunt
854 1238 896 1302 ad
919 1238 1100 1321 columnas,
1131 1242 1295 1325 'margines
1323 1240 1467 1305 habeant
1492 1244 1540 1305 uti

399 1342 530 1405 semitas
552 1363 616 1404 non
639 1341 746 1404 minus
769 1339 888 1426 pedum
911 1339 1031 1404 denum
1053 1342 1260 1427 mediumque
1276 1352 1474 1408 excavatum
1494 1344 1541 1407 uti

398 1441 519 1526 gradus
549 1443 614 1504 sint
641 1444 674 1505 in
702 1440 861 1505 descensu
887 1464 907 1505 a
929 1443 1132 1526 marginibus
1160 1443 1387 1529 sesquipedem
1409 1444 1452 1508 ad
1474 1442 1540 1531 pla-

398 1544 528 1623 nitiem,
565 1564 647 1628 quae
681 1542 830 1629 planities
864 1544 907 1607 sit
933 1566 999 1607 non
1031 1544 1139 1607 minus
1171 1544 1271 1631 pedes
1299 1562 1361 1608 ΧΗ.
1412 1546 1459 1608 ita
1485 1545 1542 1630 qui

400 1644 512 1708 vestiti
534 1643 775 1709 ambulaverint
797 1646 919 1709 circum
934 1646 976 1708 ‘in
998 1645 1217 1729 marginibus,
1248 1667 1313 1710 non
1333 1646 1543 1733 inpedientur

350 1755 382 1802 10
399 1745 441 1808 ab
463 1748 569 1809 unctis
592 1768 626 1808 se
649 1747 888 1810 exercentibus.
925 1747 1005 1810 haec
1026 1756 1133 1810 autem
1155 1748 1298 1834 porticus
1315 1747 1435 1826 ξυστος
1455 1745 1574 1834 apud4

244 1841 246 1843 ’
401 1845 544 1911 Graecos
579 1848 757 1929 vocitatur,
792 1850 879 1933 quod
912 1848 1054 1912 athletae
1080 1870 1139 1934 per
1165 1847 1302 1912 hiberna
1334 1856 1482 1936 tempora
1508 1850 1542 1911 in

399 1950 495 2012 tectis
518 1949 633 2013 stadiis
657 1958 859 2012 exercentur.
896 1950 1045 2036 proxime
1059 1959 1167 2013 autem
1181 1960 1318 2035 xystum
1333 1958 1365 2013 et
1381 1949 1542 2037 duplicem

400 2051 561 2136 porticum
583 2049 794 2134 designentur
815 2050 1017 2137 hypaethroe
1038 2051 1291 2133 ambulationes,
1320 2074 1401 2137 quas
1425 2050 1544 2115 Graeci

402 2152 670 2236 παραδρομιὸας,
698 2154 802 2216 nostri
824 2161 923 2238 xysta
944 2152 1126 2239 appellant,
1160 2155 1195 2216 in
1216 2175 1297 2238 quas
1324 2157 1383 2239 p'er
1404 2151 1544 2215 hiemem

353 2265 384 2313 15
403 2274 445 2315 ex
466 2263 565 2339 xysto
589 2275 703 2318 sereno
737 2253 825 2318 caelo
857 2254 999 2318 athletae
1025 2255 1221 2340 prodeuntes
1251 2262 1455 2317 exercentur.
1498 2253 1544 2315 fa-

402 2356 521 2419 ciunda
542 2365 650 2420 autern
672 2365 771 2442 xysta
799 2357 846 2418 sic
867 2355 1022 2420 videntur
1042 2365 1079 2419 ut
1101 2357 1167 2420 sint
1188 2356 1274 2419 inter
1295 2354 1377 2419 duas
1399 2356 1543 2441 porticus

402 2458 505 2521 silvae
538 2467 594 2522 aut
622 2457 812 2543 platanones
846 2466 878 2521 et
904 2458 939 2520 in
967 2456 1019 2520 his
1051 2457 1261 2543 perficiantur
1293 2458 1380 2520 inter
1411 2455 1543 2520 arbores

297 2565 299 2570 '
401 2559 638 2624 ambulationes
660 2558 772 2644 ibique
795 2581 837 2622 ex
858 2549 956 2645 opere
974 2560 1102 2642 signino
1118 2560 1285 2622 stationes.
1321 2567 1396 2644 post
1411 2568 1543 2645 xystum

402 2669 511 2723 autem
533 2660 674 2724 stadium
696 2662 743 2724 ite
764 2660 939 2744 figuratum
961 2669 997 2725 ut
1018 2661 1145 2747 possint
1159 2660 1327 2723 hominum
1342 2660 1457 2755 copiae
1472 2681 1543 2723 cum

296 2839 298 2844 Ι
352 2768 386 2820 20
402 2760 587 2826 laxamento
609 2761 748 2827 athletas
771 2772 931 2828 certantes
954 2773 1110 2850 spectare.

413 2934 419 2953 .
489 2863 582 2942 Quae
612 2865 646 2926 in
674 2863 844 2927 moenibus
872 2866 1056 2928 necessaria
1083 2863 1280 2928 videbantur
1307 2884 1378 2926 esse
1407 2872 1443 2927 ut
1469 2872 1543 2950 apte

330 2976 386 3026 XII
404 2966 632 3051 disponantur,
667 2966 853 3052 perscripsi.
909 2966 949 3028 de
976 2966 1219 3052 opportunitate
1251 2974 1362 3028 autem
1393 2975 1542 3052 portuum

403 3089 467 3130 non
497 3076 546 3132 est
564 3063 913 3153 praetermittendum,
949 3068 1007 3130 sed
1035 3067 1152 3153 quibus
1181 3065 1366 3132 rationibus
1393 3074 1544 3130 tueantur

403 3191 507 3246 naves⁵
526 3170 561 3232 in
582 3170 637 3233 his
654 3169 696 3232 ab
718 3167 967 3256 tempestatibus
991 3168 1231 3256 explicandum.
1268 3170 1432 3232 hiantem
1453 3177 1541 3231 natu·

473 3359 639 3424 lperistylo
657 3360 695 3409 H.
719 3355 731 3425 ll
753 3359 902 3409 exuntibus
921 3367 981 3408 ante
998 3375 1067 3412 corr,
1088 3359 1116 3411 θ.
1141 3354 1153 3424 ll
1177 3358 1289 3408 dextrae
1306 3364 1366 3407 ante
1384 3373 1454 3407 corr.
1472 3358 1509 3406 H.
1528 3355 1541 3420 ll

404 3448 420 3494 3
440 3444 546 3494 alterae
565 3442 706 3508 simplices
724 3445 764 3496 ita
783 3444 876 3493 factae
895 3445 1028 3493 Perrault:
1056 3442 1146 3492 altera
1164 3441 1279 3506 simplex
1299 3442 1340 3491 ita
1359 3441 1438 3491 facta
1458 3442 1515 3491 GH.
1529 3435 1543 3505 ll

405 3547 420 3594 5
439 3550 520 3594 erunt
537 3547 577 3594 ed.
597 3543 686 3607 (rec.):
715 3545 767 3593 erit
786 3545 845 3594 GH.
868 3541 879 3609 ll
903 3544 1039 3595 habeant:
1062 3546 1101 3593 sic
1119 3544 1177 3596 GH.
1200 3540 1213 3610 ΙΙ
1236 3546 1252 3595 1
1271 3559 1288 3592 a
1310 3545 1373 3593 add.
1391 3543 1450 3594 Joc.
1472 3533 1570 3611 111113μ

406 3627 539 3694 qurlpede
559 3629 587 3687 G,
607 3629 802 3693 sesquipedem
820 3630 848 3678 H
867 3629 952 3692 (Llclr
971 3629 1135 3693 sesquipede
1154 3630 1224 3678 Mar.
1245 3624 1258 3694 {l
1281 3630 1313 3678 10
1331 3626 1366 3676 ab
1384 3627 1478 3677 unctis
1491 3627 1545 3677 Sal-

404 3717 509 3764 masius:
529 3711 674 3762 abcunctis
694 3712 752 3762 GH.
775 3709 787 3778 ΙΙ
810 3710 940 3779 xy(i)stos
965 3713 1023 3766 GH.
1046 3708 1058 3779 Η
1084 3715 1113 3760 11
1133 3712 1255 3779 atheletp
1275 3711 1308 3772 G,
1332 3708 1452 3761 athldaae
1475 3712 1511 3762 H.
1531 3706 1543 3774 ΙΙ

406 3801 437 3848 12
456 3797 555 3847 stadiis
573 3803 632 3846 ante
649 3813 702 3846 ras.
721 3798 772 3849 H.:
792 3797 890 3846 studiis
905 3798 969 3847 GHc
981 3795 1060 3862 (Llc).
1077 3793 1089 3862 ΙΙ
1107 3800 1280 3849 exercentur.
1297 3794 1444 3845 Faciundo
1455 3800 1545 3844 autem

404 3883 688 3946 xysta-stationes.
715 3881 840 3930 Proxime
864 3886 1002 3932 autem-
1015 3884 1188 3931 exercentur.
1221 3881 1290 3930 Post
1311 3885 1421 3945 xystum
1440 3887 1488 3932 etc.
1509 3881 1547 3928 sic

407 3969 465 4021 GH.
491 3969 577 4032 itaque
595 3967 730 4030 archetypi
744 3969 857 4030 scriptor
875 3969 919 4032 qui
935 3970 971 4017 ad
981 3970 1086 4016 alterum
1105 3970 1268 4016 exercentur
1285 3966 1548 4037 admouerat,·qune

405 4055 497 4105 omissa
516 4055 596 4102 sensit
617 4053 703 4100 statim
724 4051 847 4110 subdidit,
874 4053 954 4114 stpnis
972 4067 1024 4114 pro
1041 4067 1110 4101 more
1131 4053 1158 4100 in
1174 4052 1287 4115 margine
1310 4056 1408 4101 notata.
1433 4051 1547 4100 ordinem

404 4155 420 4186 a
439 4138 579 4187 Philaodro
596 4137 737 4186 admonitus
754 4137 861 4185 reduxit
878 4135 1027 4188 Schneider.
1050 4131 1063 4202 ss
1085 4135 1189 4185 roxime
1212 4142 1272 4184 ante
1293 4133 1406 4185 sarrs-G
1428 4131 1466 4196 (in
1480 4148 1546 4182 vers.

404 4221 461 4282 ia).
485 4217 497 4285 ΙΙ
521 4223 553 4271 13
570 4220 756 4285 hypaethroe:
778 4218 1018 4284 hypetro(lryp&ro
1036 4220 1074 4281 H)
1091 4236 1141 4269 eae
1161 4220 1212 4269 GH
1229 4218 1358 4284 (hypetro
1376 4219 1431 4269 hae
1449 4220 1482 4278 L,
1500 4218 1548 4281 hy-

404 4311 484 4370 petro
495 4341 501 4354 .
512 4305 546 4370 he
565 4304 608 4368 lc).
623 4299 636 4371 ΙΙ
654 4306 686 4353 14
702 4295 923 4369 parathromidas
943 4305 973 4367 G,
990 4303 1197 4368 paradromidas
1214 4305 1244 4352 H
1260 4300 1341 4369 (Llc).
1359 4299 1372 4369 Η
1389 4306 1422 4354 15
1440 4303 1546 4353 athlete

407 4392 436 4451 G,
456 4387 553 4440 atl&ae
572 4390 608 4437 H.
633 4385 645 4455 ΙΙ
673 4388 817 4438 faciunda:
844 4389 882 4437 sic
906 4388 957 4438 GH
980 4388 1080 4451 (Licca,
1100 4388 1228 4438 -facunda
1250 4395 1310 4436 ante
1332 4405 1403 4440 corr.
1422 4388 1456 4454 c).
1478 4384 1491 4454 [Ι
1515 4389 1549 4436 16

405 4482 487 4540 xysta
504 4476 533 4523 H
550 4473 644 4537 (syxto
661 4477 678 4536 1,
697 4473 769 4524 sixte
787 4472 837 4537 cle),
856 4472 928 4523 xiste
948 4474 970 4522 G
988 4471 1044 4536 (L).
1069 4469 1081 4537 ΙΙ
1103 4474 1134 4522 17
1152 4471 1316 4537 platanones
1335 4475 1364 4521 ct
1381 4473 1452 4524 doc:
1470 4471 1549 4537 plata

405 4576 459 4610 non
482 4557 552 4610 css&
570 4560 599 4607 H
616 4558 660 4621 (lc,
684 4558 817 4623 platanon
835 4562 912 4607 esset
930 4556 979 4621 L),
1003 4556 1081 4622 plata
1099 4572 1153 4606 non
1172 4559 1218 4606 &t
1236 4556 1265 4605 G.
1289 4553 1302 4621 ll
1328 4558 1362 4607 20
1385 4556 1507 4607 athletas
1526 4556 1550 4605 G

407 4643 454 4706 (tc,
473 4643 614 4694 athlaetas
633 4641 682 4705 L):
703 4642 821 4692 athlssran
845 4645 873 4691 H
895 4641 950 4707 (rh,
970 4641 1119 4706 adldtanl).
1143 4639 1156 4710 ll
1176 4645 1209 4691 24
1229 4643 1263 4692 ab
1283 4642 1335 4691 GH
1358 4638 1402 4704 (L,
1421 4643 1455 4693 ob
1474 4641 1516 4703 Ic).
1533 4637 1548 4703 11

406 4726 683 4792 mamnfflt
