3784 5625
686 678 734 725 na
756 677 1023 725 anourrncrusa
1045 679 1115 724 arn.
1138 680 1189 725 111.
1468 659 1507 728 u

365 831 509 896 lobatam
540 831 594 894 ita'
614 838 741 916 oportet
769 831 943 915 exaequari
970 831 1019 894 uti
1046 829 1165 894 habeat
1191 851 1250 915 per
1281 830 1432 894 medium·
1450 832 1507 894 ad-

365 920 537 997 iectionem
552 953 611 1018 per
626 931 787 997 scamillos
802 934 943 1018 inpares.
974 932 1003 995 si
1018 932 1105 994 enim
1118 930 1161 995 ad
1176 930 1319 995 libellam
1338 930 1508 1016 dirigetur,
1569 952 1573 960 ·

365 1034 546 1099 alveolatus
562 1032 654 1099 oculo
669 1032 847 1097 videbitur.
890 1032 952 1097 hoc
967 1043 1074 1097 autem
1096 1042 1132 1097 ut
1153 1030 1291 1096 scamilli
1312 1032 1355 1094 ad
1376 1032 1411 1096 id
1434 1054 1507 1097 con·

366 1138 534 1201 venientes
550 1135 640 1219 fiant,
662 1136 741 1200 item
763 1137 798 1199 in
820 1143 966 1199 extremo
988 1133 1072 1199 libro
1094 1134 1198 1199 forma
1219 1142 1252 1199 et
1274 1133 1508 1198 demonstratio

366 1240 428 1303 erit
450 1238 625 1325 descripta.
822 1229 824 1233 ⁸
1527 1251 1543 1299 5

301 1354 345 1413 [v)
450 1339 514 1403 His
541 1338 694 1426 perfectis
716 1340 751 1402 in
773 1339 839 1402 suis
862 1337 942 1402 locis
966 1339 1073 1424 spirae
1095 1336 1304 1402 conlocentur
1325 1358 1444 1422 eaeque
1465 1337 1509 1401 ad

366 1442 589 1528 symmetriam
618 1442 666 1504 sic
693 1439 905 1527 perficiantur
929 1440 980 1502 uti
1008 1439 1189 1504 crassitudo
1217 1461 1290 1502 cum
1317 1437 1442 1525 plintho
1465 1440 1508 1502 sit

366 1541 533 1606 columnae
570 1564 612 1605 ex
649 1540 786 1605 dimidia
822 1541 1040 1605 crassitudine
1075 1543 1374 1627 proiecturamque,
1412 1562 1508 1625 quam

367 1642 487 1707 Graeci
514 1666 666 1726 εκφοραν
694 1644 856 1725 vocitant,
885 1642 1028 1707 habeant
1056 1651 1222 1706 extantem
1249 1643 1296 1705 ita
1317 1644 1366 1707 uti
1387 1642 1454 1705 lata
1476 1649 1509 1705 et

331 1762 347 1809 a
365 1743 463 1829 longa
484 1745 528 1808 sit
549 1742 715 1809 columnae
738 1741 966 1807 crassitudinis
987 1744 1082 1807 unius
1106 1751 1138 1807 et
1160 1742 1326 1807 dimidiae.
1368 1741 1508 1808 altitudo
1527 1763 1559 1812 to

366 1847 436 1914 eius
464 1847 493 1910 si
514 1847 693 1931 atticurges
717 1846 794 1927 erit,
822 1847 869 1909 ita
897 1844 1067 1909 dividatur
1087 1854 1124 1908 ut
1145 1846 1293 1931 superior
1314 1867 1389 1930 pars
1412 1845 1509 1908 tertia

366 1957 457 2034 parte
472 1949 515 2011 sit
530 1947 757 2011 crassitudinis
780 1945 958 2028 columnae,
979 1945 1140 2032 reliquum
1155 1946 1281 2034 plintho
1295 1944 1507 2032 relinquatur.
1583 2017 1587 2023 Ι

366 2048 498 2136 dempta
526 2047 652 2136 plintho
681 2046 842 2133 reliquum
870 2047 1039 2112 dividatur
1065 2049 1100 2111 in
1126 2058 1235 2134 partes
1263 2056 1416 2134 quattuor
1437 2047 1507 2110 fiat-

367 2171 429 2235 que
452 2152 599 2236 superior
620 2159 710 2218 torus
734 2159 877 2235 quartae,
900 2148 1046 2235 reliquae
1068 2159 1134 2213 tres
1157 2148 1335 2236 aequaliter
1357 2147 1507 2212 dividan-

366 2261 419 2315 tur
447 2261 479 2315 et
505 2274 571 2315 una
598 2253 641 2315 sit
663 2250 799 2315 inferior
828 2260 935 2332 torus,
964 2251 1066 2314 altera
1093 2274 1168 2337 pars
1192 2272 1265 2313 cum
1286 2252 1352 2313 suis
1373 2249 1505 2335 quadris
1528 2271 1557 2317 rs

330 2354 484 2436 sscotia,
518 2374 615 2439 quam
649 2352 769 2417 Graeci
795 2355 952 2436 τροχιλον
986 2352 1108 2415 dicunt.
1163 2354 1214 2415 sin
1246 2362 1355 2415 autem
1381 2352 1507 2434 ionicae

366 2464 461 2518 erunt
488 2453 673 2537 faciendae,
704 2454 912 2541 symmetriae
939 2474 1048 2517 carum
1076 2456 1123 2516 sic
1145 2462 1240 2517 amnt
1262 2450 1506 2516 constituendae

364 2557 414 2620 uti
442 2555 579 2620 latitudo
608 2556 715 2642 spirae
743 2577 871 2640 quoque
892 2576 1006 2618 versus
1029 2555 1072 2617 sit
1093 2553 1260 2618 columnae
1281 2551 1507 2616 crassitudinis

364 2657 494 2721 adiecta
522 2657 738 2721 crassitudine
765 2666 880 2742 quarta
908 2667 939 2720 et
962 2665 1089 2720 octava.
1132 2655 1272 2720 altitudo
1294 2656 1341 2719 ita
1361 2654 1410 2717 uti
1431 2654 1505 2717 atti-

365 2780 492 2844 curges
536 2760 629 2822 itaet
652 2759 723 2822 eius
746 2756 901 2844 plinthos.
945 2756 1169 2845 reliquumque
1183 2766 1312 2845 praeter
1333 2754 1505 2843 plinthum,
1525 2777 1558 2826 20

365 2861 453 2947 quod
487 2861 549 2925 erit
577 2862 674 2924 tertia
701 2882 776 2945 pars
805 2859 1243 2941 crassitudinisscolumnae,
1277 2857 1446 2922 dividatur
1465 2859 1510 2928 in

365 2972 474 3049 partes
497 2970 639 3048 septem,
667 2961 745 3025 inde
766 2962 866 3025 trium
888 2963 1030 3047 partium
1051 2972 1140 3027 torus
1164 2962 1220 3047 qui
1243 2969 1292 3029 est
1314 2963 1349 3024 in
1371 2982 1506 3042 summo,

364 3063 510 3150 reliquae
537 3072 690 3149 quattuor
716 3072 825 3148 partes
853 3062 1052 3127 dividendae
1080 3073 1156 3128 sunt
1181 3062 1360 3148 aequaliter
1388 3070 1421 3125 et
1441 3083 1507 3125 una

434 3291 446 3337 1
467 3289 506 3337 ita
524 3289 556 3336 H
571 3286 655 3352 (Llc):
674 3303 720 3338 om.
740 3286 769 3336 G.
794 3284 806 3353 Η
828 3302 877 3351 per
893 3286 1012 3337 medinm
1031 3287 1082 3337 GH
1103 3284 1146 3351 (L,
1163 3287 1268 3352 ppedn‘r
1283 3288 1334 3344 Ich,
1357 3258 1459 3352 ppendrir
1477 3287 1507 3335 tc

366 3371 536 3439 [perpudium
555 3369 605 3436 vs].
627 3368 640 3439 ss
662 3374 678 3421 2
697 3371 838 3422 scamillos
856 3371 1010 3436 (acanullos
1028 3379 1088 3422 ante
1105 3387 1174 3422 corr.
1195 3372 1226 3434 G)
1247 3371 1300 3422 GH
1315 3368 1358 3436 (L,
1372 3373 1408 3435 cf.
1427 3373 1504 3436 Apul.

364 3474 408 3522 ap.
427 3458 511 3507 Prisc.
534 3455 600 3522 III,
623 3459 639 3505 2
661 3457 711 3515 H..
735 3455 874 3507 scabellas
897 3457 936 3506 ἰσΙι
960 3453 1034 3522 [vf]).
1062 3452 1074 3522 ΙΙ
1102 3460 1118 3508 3
1142 3456 1297 3508 alveolatns
1318 3457 1390 3507 Jocz
1416 3462 1505 3506 -tnm

366 3541 454 3608 (—t1'1)
475 3542 533 3591 GH.
560 3537 573 3606 ss
601 3539 720 3591 scamilli
740 3541 793 3590 GH
809 3539 856 3605 (L,
878 3539 995 3591 scabelli
1017 3543 1056 3592 ἰσίι
1080 3538 1152 3608 [ο[]).
1176 3539 1188 3610 ΙΙ
1214 3543 1328 3607 deaeq3
1351 3542 1404 3592 GH
1424 3541 1506 3604 (haeq3

364 3629 406 3676 vel
422 3625 486 3692 hqq3
505 3623 572 3690 Llc).
589 3621 602 3691 ll
618 3626 633 3675 'l
652 3625 693 3674 sic
713 3625 845 3676 coluneG
864 3625 913 3689 (sit
930 3643 984 3676 cum
996 3627 1036 3676 ἰιίσ
1053 3627 1215 3686 vulneratae,
1234 3642 1325 3677 errore
1337 3626 1453 3677 correxit
1465 3626 1506 3675 sic

363 3709 544 3775 meccedem).
573 3706 585 3775 ΙΙ
613 3711 628 3759 9
657 3717 783 3774 ancoras
814 3710 936 3776 (erqrau
965 3711 997 3776 G)
1023 3711 1075 3761 GH
1099 3709 1170 3775 (item
1193 3713 1252 3771 Llc,
1275 3713 1321 3763 ἰοσ
1340 3715 1424 3776 primo
1451 3716 1506 3761 loco

367 3795 474 3845 Graecis
491 3795 585 3845 litteris
602 3797 628 3844 in
646 3797 721 3845 codd.
739 3794 865 3859 servata).
889 3791 901 3862 ΙΙ
924 3798 1065 3845 extantem
1078 3797 1157 3848 Lon:
1177 3802 1333 3846 sextantem
1348 3795 1406 3846 GH.
1430 3792 1442 3861 ΙΙ
1465 3797 1506 3845 ita

364 3885 396 3929 ut
419 3877 479 3929 lata
501 3880 580 3930 Lora:
604 3880 650 3929 Ita
673 3870 714 3929 dis
732 3878 791 3930 lata
817 3881 850 3944 G,
874 3881 914 3930 ita
932 3884 989 3929 tum
1014 3878 1055 3942 (tu
1073 3879 1093 3945 l)
1112 3881 1173 3930 lata
1190 3880 1219 3928 H
1238 3878 1307 3943 (Lcl,
1326 3882 1367 3929 ita
1384 3880 1506 3930 cumlata

364 3971 425 4013 ante
442 3979 511 4014 corr.
529 3964 562 4022 L,
581 3964 621 4013 ita
640 3962 777 4013 tumulata
794 3965 846 4027 ch).
874 3961 885 4030 ΙΙ
915 3966 945 4014 10
964 3963 1079 4028 longata
1100 3972 1160 4014 ante
1182 3980 1251 4013 corr.
1275 3964 1304 4016 G.
1331 3959 1343 4028 ΙΙ
1371 3965 1408 4012 sit
1427 3953 1506 4016 Lon:

365 4051 421 4097 erit
439 4047 498 4099 GH.
522 4043 534 4113 ΙΙ
556 4062 626 4097 unus
649 4055 708 4098 ante
729 4063 798 4102 corr.
819 4049 849 4101 (ἰ.
872 4045 883 4115 Ι]
907 4051 937 4098 11
962 4050 1116 4113 atticurges
1139 4044 1233 4112 (Joc.):
1257 4046 1419 4111 adtigurges
1441 4056 1501 4096 aare

363 4147 434 4181 corr.
455 4133 484 4196 G,
504 4131 658 4197 attigurges
677 4133 706 4181 H
724 4130 840 4196 (Getta).
864 4130 876 4198 ΙΙ
899 4135 931 4182 14
950 4130 1039 4195 (-15)
1059 4139 1172 4197 quartae
1252 4135 1328 4181 torus
1349 4130 1453 4182 onom.
1473 4131 1504 4179 H

364 4217 425 4278 (Ltc
443 4213 505 4281 [vsD
531 4216 575 4266 abi
590 4218 628 4266 sic
645 4215 748 4281 fiatque
766 4217 893 4280 superior
910 4222 986 4266 torus
1008 4215 1098 4267 altera
1116 4230 1179 4281 pars
1202 4229 1264 4263 cum
1287 4214 1344 4263 suis
1435 4211 1446 4280 ll
1471 4217 1502 4264 lo

364 4301 458 4352 scotia
477 4300 531 4351 GH
546 4299 588 4364 (lc,
606 4302 714 4352 scotica
732 4299 776 4364 L).
800 4296 812 4365 ΙΙ
836 4300 973 4350 trochilon
992 4300 1050 4348 GH.
1073 4297 1085 4366 ll
1109 4302 1140 4349 18
1154 4314 1259 4362 quoque
1279 4294 1326 4361 (ᾗ
1340 4298 1371 4360 G)
1390 4313 1501 4347 versus:

362 4387 401 4435 sic
421 4385 481 4437 GH.
505 4381 518 4450 ΙΙ
541 4386 573 4434 19
591 4385 753 4452 adtigurges
774 4384 827 4434 GH
842 4382 894 4448 (at,
914 4384 1070 4449 attigurges
1084 4385 1125 4443 Gc,
1145 4384 1180 4433 ad
1198 4384 1322 4448 gurgites
1339 4398 1360 4440 σ,
1380 4381 1503 4446 adtigur·

364 4470 438 4534 gitea
455 4469 497 4531 lt),
522 4469 670 4536 atticurgis
691 4471 748 4522 doc.
772 4465 784 4534 ΙΙ
806 4470 839 4518 20
861 4468 903 4517 ita
925 4471 954 4516 at
975 4469 1046 4519 Joa:
1069 4469 1111 4516 ita
1132 4472 1164 4516 ut
1188 4467 1245 4517 GH.
1270 4464 1282 4533 ΙΙ
1305 4465 1439 4530 plinthos:
1466 4469 1504 4516 sic

366 4554 425 4603 GH.
445 4549 457 4618 ΙΙ
481 4553 673 4619 reliquumque
693 4555 730 4604 Gt
749 4554 790 4618 (Ic,
809 4567 870 4616 quae
888 4552 997 4616 reliquia
1012 4551 1017 4615 Ι
1032 4548 1077 4617 L).
1094 4549 1106 4617 ΙΙ
1122 4554 1153 4600 21
1173 4551 1243 4616 quod
1262 4551 1315 4600 erit
1333 4552 1416 4600 tertia
1429 4552 1502 4601 doc:

366 4637 438 4702 quod
458 4639 511 4687 erit
530 4639 557 4688 ei
574 4639 662 4689 tercia
677 4639 706 4698 G,
725 4638 795 4703 quod
815 4639 841 4688 ei
858 4636 894 4687 ad
911 4637 996 4687 tertia
1009 4637 1036 4686 H
1054 4636 1128 4699 (Led,
1146 4639 1194 4688 aed
1205 4654 1221 4687 a
1238 4639 1264 4686 in
1282 4637 1317 4685 ad
1334 4637 1439 4700 scripsit
1456 4637 1502 4697 hc,

365 4722 436 4789 quod
455 4724 481 4773 ei
499 4724 590 4774 tercia
607 4723 636 4789 l).
659 4719 672 4792 ΙΙ
696 4724 728 4776 22
746 4723 842 4774 thorus
861 4724 919 4790 (tac
934 4725 990 4774 solo
1008 4722 1073 4788 ἰοσο)
1094 4722 1147 4773 GH
1163 4723 1203 4788 (le,
1222 4725 1299 4773 torus
1319 4722 1360 4788 L).
