3784 5625
399 666 461 730 102
879 677 1038 756 vrrnuyu

399 847 431 899 et
442 834 560 920 quibus
571 834 605 896 in
615 832 695 897 locis
705 832 741 900 iu
751 852 873 918 pronao
884 838 1080 919 procurrunt
1094 838 1201 911 antae,
1214 829 1250 891 in
1259 828 1365 893 isdem
1376 794 1400 893 θ’
1406 831 1538 915 regione

398 933 499 999 cellae
525 936 686 1021 parietum
713 931 879 998 columnas
908 933 1002 996 binas
1031 929 1235 994 conlocantes
1265 930 1412 995 efficiunt
1433 940 1537 994 tusca-

399 1039 545 1101 nicorum
575 1044 608 1099 et
634 1056 823 1119 graecorum
854 1056 989 1121 operum
1022 1054 1223 1096 communem
1250 1033 1537 1097 ratiocinationem.

399 1138 457 1202 alii
484 1159 562 1201 vero
591 1147 795 1201 removentes
823 1138 964 1223 parietes
986 1133 1077 1197 aedis
1100 1143 1132 1197 et
1153 1132 1355 1220 adplicantes
1377 1132 1421 1196 ad
1442 1136 1571 1211 inter-f,

366 1255 382 1305 6
401 1238 576 1320 columnia,
600 1247 795 1326 pteromatos
818 1238 935 1324 spatiis
958 1234 1096 1300 sublatis
1119 1234 1264 1299 efficiunt
1286 1234 1431 1321 amplum
1452 1234 1539 1299 laxa·

399 1340 544 1406 mentum
574 1337 691 1420 cellae,
720 1338 846 1425 reliqua
872 1348 983 1403 autem
1003 1336 1268 1424 proportionibus
1291 1347 1323 1400 et
1345 1336 1541 1423 symmetriis

401 1443 507 1506 isdem
529 1449 758 1505 conservantes
780 1439 871 1504 aliud
892 1461 996 1524 genus
1018 1439 1142 1523 figurae
1163 1438 1368 1523 nominisque
1391 1438 1543 1501 videntur

399 1542 724 1631 pseudoperipterum
751 1543 986 1627 procreavisse.
1008 1539 1114 1604 ‘haec
1140 1548 1249 1603 autem
1271 1560 1391 1625 genera
1412 1549 1543 1625 propter

400 1664 496 1707 usum
528 1642 760 1707 sacrificiorum
794 1653 1038 1708 convertuntur.
1093 1664 1158 1706 non
1186 1642 1273 1703 enim
1300 1642 1451 1706 omnibus
1480 1640 1543 1703 diis

354 1764 386 1813 ιο
402 1744 508 1810 isdem
521 1729 714 1810 ‚rationibus
741 1744 838 1809 aedes
867 1754 942 1809 sunt
969 1743 1159 1823 faciundae,
1189 1742 1274 1828 quod
1296 1740 1380 1807 alius
1402 1742 1467 1806 alia
1488 1763 1543 1806 va-

402 1847 519 1911 rietate
541 1867 707 1911 sacrorum
728 1845 923 1931 religionum
944 1846 1045 1910 habet
1067 1845 1212 1908 effectus.

488 1964 609 2029 Omnes
623 1964 753 2030 aedium
768 1987 932 2029 sacrarum
948 1952 1212 2029 ratiocinationes
1233 1962 1282 2025 uti
1303 1960 1384 2025 mihi
1406 1961 1548 2025 traditae
1565 1994 1581 2041 7

404 2074 480 2129 sunt
509 2065 645 2152 exposui
673 2064 867 2153 ordinesque
895 2077 927 2130 et
954 2066 1159 2153 symmetrias
1182 2086 1294 2126 earum
1316 2062 1548 2151 partitionibus

404 2165 559 2249 distinxi,
588 2175 621 2230 et
648 2189 784 2252 quarum
811 2167 958 2255 dispares
986 2177 1061 2230 sunt
1088 2166 1212 2251 figurae
1235 2174 1268 2229 et
1290 2165 1409 2250 quibus
1433 2163 1548 2229 discri-

349 2289 387 2339 >15
405 2267 548 2332 ininibus
581 2269 666 2332 inter
697 2291 733 2332 sc
766 2280 855 2359 sunt·
875 2268 1061 2355 disparatae
1094 2267 1201 2353 quoad
1233 2266 1325 2353 potui
1362 2266 1551 2351 significare

405 2369 533 2456 scriptis
550 2370 696 2457 exposui.
732 2393 819 2434 nunc
834 2370 875 2434 de
889 2372 955 2434 aris
972 2369 1105 2433 deorum
1127 2367 1346 2433 inmortalium
1368 2368 1419 2432 uti
1439 2376 1551 2455 aptam

406 2472 670 2535 constitutionem
711 2470 853 2535 habeant
888 2471 931 2534 ad
968 2471 1201 2534 sacrificiorum
1236 2471 1395 2534 rationem
1432 2468 1552 2532 dicam.

326 2594 391 2646 vm
408 2592 484 2636 arae
511 2581 659 2659 spectent
685 2571 729 2635 ad
758 2574 915 2637 orientem
943 2583 976 2636 et
1006 2592 1134 2657 semper
1159 2570 1331 2635 inferiores
1354 2572 1421 2635 sint
1442 2570 1552 2634 conlo·
1573 2591 1632 2657 (Ιχ)

408 2681 499 2736 eatae
521 2694 617 2757 quam
640 2672 811 2738 simulacra
834 2696 917 2760 quae
939 2672 1062 2737 fuerint
1083 2674 1120 2736 in
1141 2670 1238 2753 aede,
1262 2673 1311 2735 uti
1333 2672 1554 2758 suspicientes

263 2856 268 2867 .
357 2789 391 2838 20
409 2771 617 2837 divinitatem
645 2775 702 2859 qui
729 2774 913 2862 supplicant
935 2785 967 2839 et
990 2773 1173 2839 sacrificant
1195 2772 1381 2861 disparibus
1403 2771 1554 2838 altitudi-

408 2873 506 2937 nibus
528 2873 571 2936 ad
593 2877 644 2938 sui
667 2876 822 2961 cuiusque
837 2877 893 2939 dei
907 2877 1058 2941 decorem
1073 2885 1315 2963 componantur.
1359 2874 1555 2940 altitudines

409 2983 518 3038 autem
541 2995 652 3038 earum
675 2976 722 3038 sic
744 2986 820 3040 sunt
843 2975 1055 3064 explicandae
1077 2980 1127 3042 uti
1146 2977 1220 3042 Iovi
1242 2976 1458 3062 omnibusque
1481 2997 1555 3039 cae-

410 3075 547 3140 lestibus
581 3097 679 3162 quam
711 3077 954 3143 excelsissimae
987 3081 1245 3161 constituantur,
1279 3078 1401 3142 Vestae
1432 3077 1557 3141 Terrae

410 3176 559 3263 Matique
574 3177 711 3242 humiles
733 3178 950 3244 conlocentur.
994 3181 1040 3243 ita
1061 3180 1197 3245 idoneae
1218 3179 1268 3243 his
1290 3178 1557 3243 institutionibus
1629 3192 1631 3195 ’

362 3296 395 3345 25
413 3277 664 3366 explicabuntur
685 3281 721 3343 in
742 3280 1010 3346 meditationibus
1032 3303 1161 3344 ararum
1184 3281 1447 3346 deformationes.

404 3401 409 3419 '
436 3461 443 3476 ‚
495 3396 679 3483 Explicatis
694 3398 824 3464 aedium
840 3422 1004 3464 sacrarum
1020 3398 1307 3487 compositionibus
1322 3401 1357 3463 in
1371 3399 1434 3463 hoc
1456 3398 1556 3481 libre,

411 3497 597 3582 insequenti
611 3499 652 3562 de
674 3502 891 3565 communium
914 3523 1047 3589 operum
1068 3499 1243 3564 reddemus
1266 3499 1556 3566 distributionibus

411 3596 655 3682 explicationes.

414 3805 642 3818 *-

459 3941 495 3988 *1
514 3945 541 3990 et
559 3943 657 4005 quibus
675 3943 767 3994 Sera:
790 3944 914 4007 Equibus
939 3945 998 3999 GH.
1026 3941 1039 4011 ΙΙ
1066 3944 1178 3994 taedis
1198 3922 1292 4011 (aedis
1317 3943 1376 4009 θὴς
1402 3943 1487 3995 aedes
1507 3945 1556 3995 GH

413 4021 481 4089 (Llc,
494 4028 543 4075 sed
558 4034 635 4078 antea
646 4029 684 4077 120
694 4028 832 4093 parietis).
848 4024 860 4095 ΙΙ
876 4029 891 4078 5
904 4033 1072 4094 pteromatos
1085 4031 1126 4080 ed.
1139 4029 1192 4081 ΠΛ
1210 4028 1377 4093 pteromatos
1391 4029 1451 4079 GH.
1467 4025 1480 4095 ΙΙ
1495 4045 1555 4094 spu·

387 4108 392 4118 '
413 4107 460 4157 tiis
478 4109 596 4161 sublatis
604 4114 669 4165 Lor-
689 4110 805 4176 (sublati
817 4113 897 4172 Mar„
915 4119 942 4162 ut
955 4111 1002 4176 lc):
1022 4113 1107 4178 spatii
1126 4113 1203 4176 (-tii
1218 4112 1222 4174 Ι
1239 4112 1270 4174 G)
1283 4111 1388 4162 sublati
1402 4113 1455 4162 GH
1466 4111 1553 4176 (Lech,

414 4193 515 4255 spatiis
530 4193 534 4255 Ι
549 4196 652 4246 sublati
670 4204 730 4246 ante
747 4212 802 4246 ros.
820 4213 846 4254 c,
871 4197 975 4262 spaciis
994 4197 1097 4246 sublati
1115 4195 1143 4261 l).
1166 4193 1179 4263 ΙΙ
1201 4199 1217 4246 t
1234 4197 1365 4246 videntur
1386 4197 1443 4249 Joo.
1463 4195 1553 4258 (sealt

414 4273 522 4325 ridetur
540 4278 656 4339 (—d&ur
673 4282 712 4346 H)
735 4281 793 4333 GH.
815 4276 827 4346 [Ι
849 4282 865 4330 8
888 4280 1137 4361 ρειιᾱουῃθτίρῐετῇ
1157 4281 1178 4331 G
1196 4280 1408 4345 (coniunxque).
1430 4278 1496 4347 ll1⁰
1513 4281 1552 4331 fa·

415 4374 532 4427 ciundae
554 4379 583 4428 H
607 4378 689 4444 (Llc):
715 4381 843 4446 faciende
868 4381 896 4433 θ,
920 4376 931 4445 ΙΙ
958 4384 989 4431 13
1008 4397 1102 4431 earum
1120 4383 1174 4433 eds
1200 4395 1293 4430 eorum
1312 4381 1370 4431 GH.
1394 4376 1407 4445 ΙΙ
1434 4383 1468 4430 14
1490 4395 1554 4446 qua·

415 4473 474 4508 rum
491 4463 547 4514 ed.=
567 4477 679 4526 quorum
699 4462 756 4514 GH.
780 4463 792 4530 ΙΙ
816 4466 847 4514 15
866 4480 917 4529 quo
942 4464 1055 4529 adpotui
1072 4467 1102 4514 H
1119 4463 1207 4529 (dds),
1231 4463 1383 4530 qdadpotui
1405 4471 1465 4514 ants
1486 4477 1554 4514 corr.

418 4535 655 4610 G(quoda‹lpotui
673 4563 694 4604 c,
713 4562 783 4611 quae
802 4548 914 4613 adpotui
932 4548 980 4610 L).
1002 4545 1015 4614 ll
1042 4551 1074 4598 16
1097 4550 1152 4599 aris
1172 4549 1207 4598 G:
1231 4549 1304 4600 areis
1326 4550 1358 4598 H
1373 4548 1455 4614 (Llc).
1483 4544 1496 4616 ΙΙ
1522 4548 1555 4597 25

417 4641 526 4677 ararum
545 4629 579 4678 G:
607 4644 733 4680 areamm
750 4632 779 4680 H
798 4629 857 4693 (Llc
876 4628 934 4696 [of].
958 4627 971 4698 ΙΙ
993 4632 1197 4701 267explicatis,
1212 4633 1246 4682 G:
1271 4631 1438 4698 explicantis
1459 4633 1490 4682 Η
1501 4627 1556 4694 (lc,

416 4715 495 4761 —tes
512 4709 557 4777 L).
580 4709 593 4779 l]
615 4713 648 4763 28
667 4711 991 4781 explicationesq31ante
1008 4731 1061 4765 ras.
1078 4716 1115 4768 H.
