3784 5625
685 639 732 688 nn
755 641 1022 690 sucurrncrunn
1045 644 1175 691 urn.11.
1462 631 1502 695 31
1592 711 1597 718 ,

362 793 398 857 in
418 792 560 858 secundo
583 794 691 857 visum
714 804 762 858 est
784 794 865 859 mihi
892 796 1035 883 primurn
1057 795 1098 860 de
1119 799 1275 861 materiae
1297 800 1399 885 copiis
1422 821 1505 886 quae

334 896 397 974 ,in
418 894 577 958 aedificiis
607 904 682 959 sunt
710 896 891 981 parandae,
920 898 1039 983 quibus
1068 898 1133 963 sint
1155 899 1331 963 virtutibus
1355 909 1387 963 et
1409 922 1505 985 quem

361 996 504 1060 habeant
529 1019 624 1060 usum
652 1018 828 1083 exponere,
858 997 978 1062 deinde
1006 1020 1208 1064 commensus
1229 1000 1451 1065 aedificiorum
1473 1010 1521 1070 et.

364 1098 496 1162 ordines
520 1106 552 1161 ct
573 1118 693 1183 genera
716 1098 845 1184 singula
867 1100 1130 1185 symmetriarum
1152 1122 1307 1187 peragere
1329 1110 1361 1165 et
1383 1103 1417 1165 in
1440 1104 1506 1167 sin·

363 1199 450 1283 gulis
476 1198 694 1264 voluminibus
718 1193 893 1287 explicare.
1003 1260 1008 1269 ,
1524 1218 1540 1266 5

618 1576 831 1651 LIBER
875 1575 1255 1655 SECUNDUS.

330 1820 343 1867 1
450 1794 645 1859 Dinocrates
672 1795 869 1861 architectus
899 1796 1152 1881 cogitationibus
1175 1807 1214 1890 et·
1229 1797 1372 1862 sollertia
1393 1796 1508 1880 fretus,
1552 1837 1554 1840 ν

365 1917 438 1960 cum
460 1895 652 1961 Alexander
678 1918 787 1961 rerum
814 1898 988 1984 potiretur,
1017 1898 1182 1986 profectus
1205 1909 1254 1989 est
1277 1921 1294 1962 e
1316 1899 1510 1964 Macedonia

363 1996 405 2063 ad
435 1999 616 2062 exercitum
643 2000 753 2084 regiae
781 1999 918 2086 cupidus
954 2001 1253 2065 commendationis.
1302 2003 1330 2065 is
1361 2023 1378 2064 e
1403 2002 1510 2089 patria

363 2121 383 2162 a
404 2101 597 2187 propinquis
621 2109 653 2164 et
674 2102 788 2166 amicis
810 2101 885 2175 tulit
907 2100 951 2165 ad
972 2104 1095 2190 primos
1117 2102 1246 2167 ordines
1269 2113 1301 2167 et
1315 2113 1509 2190 purpuratos
1529 2125 1561 2173 10

363 2200 501 2284 litteras,
523 2203 572 2266 uti
594 2201 703 2267 aditus
726 2202 861 2267 haberet
883 2202 1064 2287 faciliores,
1080 2204 1122 2269 ab
1145 2206 1257 2290 eisque
1280 2214 1434 2291 exceptus
1451 2205 1508 2268 hu-

362 2324 459 2366 mane
486 2304 582 2389 petiit
609 2305 658 2368 uti
686 2306 923 2393 quamprimum
950 2305 993 2368 ad
1014 2306 1240 2369 Alexandrum
1267 2306 1508 2392 perduceretur.

363 2405 445 2469 cum'
465 2404 605 2491 polliciti
632 2416 756 2489 essent,
785 2407 944 2470 tardiores
973 2405 1105 2470 fuerunt
1126 2406 1280 2471 idoneum
1303 2416 1429 2493 tempus
1452 2428 1508 2468 ex·

363 2516 544 2593 pectantes.
588 2508 699 2594 itaque
730 2508 925 2572 Dinocrates
953 2507 995 2570 ab
1023 2506 1074 2571 his
1103 2529 1138 2571 se
1161 2508 1352 2571 existimans
1374 2506 1444 2570 ludi
1466 2506 1508 2569 ab

364 2630 399 2671 se
421 2609 517 2695 petiit
539 2610 750 2695 praesidium.
795 2609 901 2674 fuerat
924 2611 1011 2673 enim
1032 2610 1234 2695 amplissima
1256 2618 1396 2690 statura,
1425 2607 1509 2672 facie
1528 2632 1559 2679 15

363 2720 469 2795 grata,
492 2710 596 2774 forma
618 2709 843 2799 dignitateque
866 2733 1001 2775 summa.
1045 2708 1096 2773 his
1118 2712 1220 2795 igitur
1241 2720 1376 2775 naturae
1397 2732 1508 2774 mune-

363 2811 455 2876 ribus
472 2803 624 2877 ¹confisus
652 2815 848 2880 vestimenta
876 2812 987 2901 posuit
1014 2812 1048 2877 in
1075 2812 1216 2900 hospitio
1246 2824 1277 2876 et
1299 2812 1370 2878 oleo
1393 2835 1509 2900 corpus

364 2916 521 3001 perunxit
543 2925 703 3004 caputque
726 2917 894 2979 coronavit
916 2914 1055 3002 populea
1069 2915 1196 2998 fronde,
1218 2915 1349 2980 laevum
1363 2936 1511 2979 umerum

365 3016 451 3103 pelle
474 3015 603 3081 leonina
624 3018 724 3101 texit,
753 3016 934 3104 dextraque
957 3016 1082 3079 clavam
1104 3027 1217 3081 tenens
1241 3019 1377 3082 incessit
1399 3027 1511 3082 contra

331 3136 347 3184 2
366 3117 511 3182 tribunal
532 3120 620 3203 regis
643 3119 694 3182 ius
718 3117 867 3182 dicentis.
911 3121 1040 3183 novitas
1063 3118 1219 3204 populum
1236 3141 1309 3183 cum
1323 3120 1509 3198 avertisset,
1527 3142 1561 3189 20

366 3221 538 3307 conspexit
561 3241 633 3284 eum
655 3219 854 3284 Alexander.
899 3221 1063 3284 admirans
1087 3221 1117 3283 ei
1138 3221 1235 3283 iussit
1256 3219 1362 3285 locum
1382 3219 1453 3282 dari
1474 3226 1510 3280 ut

365 3322 552 3404 accederet,
584 3309 864 3409 interrogavitque
892 3323 963 3407 quis
993 3330 1088 3386 esset.
1138 3331 1172 3385 at
1198 3320 1269 3403 ille,
1302 3321 1510 3403 Dinocrates,

365 3409 490 3511 inquit,
506 3422 703 3488 architectus
725 3423 879 3506 Macedo,
904 3425 960 3509 qui
982 3423 1024 3486 ad
1045 3433 1078 3487 te
1101 3425 1313 3508 cogitationes
1336 3431 1369 3486 et
1390 3422 1510 3486 formas

365 3524 480 3590 adfero
495 3525 612 3609 dignas
627 3535 702 3589 tuae
720 3523 888 3589 claritatis.
923 3534 1073 3615 'namque
1087 3525 1199 3592 Athon
1213 3535 1356 3589 montem
1371 3523 1511 3593 formavi

366 3629 401 3690 in
422 3636 551 3691 statuae
573 3623 679 3690 virili's
702 3626 856 3711 figuram,
885 3628 976 3690 cuius
999 3648 1098 3689 manu
1118 3625 1212 3689 laeva
1234 3627 1407 3710 designavi
1429 3625 1509 3687 civi·
1527 3641 1561 3688 25

366 3819 595 3826 ---——--—--

435 3939 451 3987 3
469 3936 574 3986 habent
591 3943 651 3986 ante
674 3953 741 3988 corr.
760 3936 797 3986 H.
820 3932 832 4001 Η
856 3935 955 3986 deinde
978 3935 1038 3985 add.
1063 3935 1133 3987 Mar.
1153 3932 1301 4000 (exponere
1321 3931 1446 3999 con[com
1467 3931 1511 3997 G]-

368 4035 482 4072 mensus
502 4021 574 4084 GH).
598 4019 609 4088 ΙΙ
632 4022 745 4072 5Liber
762 4022 866 4086 primus
885 4021 1000 4086 explicit
1018 4020 1061 4083 (do
1081 4019 1196 4086 gratias.
1217 4035 1305 4069 amen.
1324 4021 1384 4069 add.
1395 4017 1444 4081 H).
1468 4016 1511 4065 In-

368 4106 437 4172 cipit
459 4105 543 4169 (liher
565 4109 625 4158 add.
648 4105 689 4169 H)
714 4105 851 4155 secundus
878 4103 935 4170 (.11.
962 4105 994 4170 (ι’)
1019 4106 1072 4154 GH
1092 4103 1171 4168 (Ltc).
1200 4100 1212 4170 Η
1246 4102 1460 4154 8emacedonia
1482 4102 1511 4150 H

369 4188 431 4255 (J.):
451 4190 633 4240 amacedonia
650 4190 700 4240 EG
718 4189 772 4253 (lc).
796 4185 809 4255 ΙΙ
835 4193 851 4240 9
871 4190 1124 4240 commendationis.
1154 4190 1196 4238 ise
1219 4205 1245 4253 p.
1263 4194 1323 4237 ante
1341 4203 1410 4237 corr.
1432 4187 1453 4235 θ
1476 4184 1511 4249 (is

370 4290 411 4340 ep.
432 4274 488 4338 60),
508 4274 753 4325 commendatione.
773 4273 828 4323 sise
847 4291 873 4340 p.
892 4275 924 4324 Ε.
948 4271 962 4341 ΙΙ
985 4277 1014 4323 11
1033 4275 1143 4325 litteras
1168 4272 1257 4322 aditus
1280 4272 1359 4321 EGH
1381 4269 1433 4335 (nti
1449 4273 1511 4323 add.

368 4358 445 4425 rec).
470 4355 483 4426 l}
507 4360 630 4423 repetit
654 4358 681 4422 (i.
701 4375 723 4412 c.
742 4357 824 4423 petiit
842 4357 876 4422 L)
899 4359 979 4409 EGII
1001 4356 1054 4422 (lc)¹
1082 4355 1095 4424 11
1124 4361 1156 4407 14
1178 4357 1236 4407 ludi
1254 4357 1333 4406 EGH
1351 4355 1407 4420 (Μ,
1431 4355 1512 4406 illudi

368 4444 418 4507 ck).
442 4441 455 4511 ΙΙ
480 4444 514 4493 ab
534 4458 563 4494 se
582 4443 660 4494 EGH
679 4442 722 4506 (L,
742 4444 777 4493 ab
796 4459 825 4492 rc
844 4439 927 4507 lc[v]].
950 4438 963 4508 ΙΙ
989 4445 1020 4492 15
1038 4444 1109 4508 petit
1120 4443 1199 4493 EGII
1217 4441 1295 4507 (Llc).
1319 4438 1330 4507 ΙΙ
1358 4440 1511 4491 subsidium

369 4529 407 4578 ch.
429 4524 444 4596 ss
466 4531 498 4578 19
517 4526 624 4580 clavam
642 4529 722 4579 EGH
739 4528 859 4592 (clavum
877 4527 945 4590 Llc).
971 4524 983 4592 ΙΙ
1005 4529 1038 4577 20
1056 4528 1217 4579 avertisset:
1235 4530 1273 4577 sic
1290 4528 1376 4579 ΕΘΗ.
1399 4523 1411 4592 ΙΙ
1434 4529 1464 4575 21
1485 4525 1511 4575 ei

370 4613 451 4664 iussit
468 4614 498 4662 H
517 4611 602 4677 (Llc):
620 4613 701 4663 iussit
720 4614 746 4662 ei
764 4613 822 4666 EG.
846 4608 858 4678 Η
880 4615 913 4661 22
932 4627 984 4676 que
997 4629 1043 4663 orn.
1058 4613 1090 4663 Ε.
1112 4617 1124 4670 lt
1148 4615 1181 4662 24
1200 4611 1335 4663 claritatis
1354 4612 1509 4676 Wcsselinp:

371 4696 493 4748 claritati
512 4697 597 4750 ΕΘΗ.
612 4699 676 4763 fort.
696 4703 743 4747 tua
762 4697 896 4762 claritati.
