3784 5625
413 657 434 718 2
902 667 1061 713 wrnuvn

412 821 619 887 mortalitatis
648 843 721 885 eum
748 820 969 883 dedicavisset
992 828 1024 882 et
1046 820 1218 904 imperium
1240 819 1383 904 parentis
1411 820 1446 882 in
1467 828 1555 882 tuam

412 933 606 1011 potestatem
627 921 859 1004 transtulisset,
882 920 971 984 idem
986 919 1130 983 studium
1145 941 1252 983 meum
1267 921 1301 983 in
1317 922 1387 983 eius
1403 923 1558 984 memoria

412 1048 603 1111 permanens
631 1026 666 1087 in
692 1034 726 1088 te
753 1022 890 1088 contulit
917 1022 1076 1086 favorem.
1121 1024 1232 1107 itaque
1259 1044 1332 1084 cum
1354 1023 1400 1085 M.
1423 1021 1557 1085 Aurelio

413 1136 444 1190 et
466 1128 502 1193 P.
524 1126 665 1189 Minidio
688 1134 719 1189 et
742 1123 806 1189 Gn.
830 1124 981 1189 Cornelio
1010 1125 1053 1187 ad
1069 1124 1325 1210 'apparationem
1353 1123 1558 1187 ballistarum

378 1239 445 1296 oet
473 1230 678 1314 scorpionum
713 1225 975 1312 reliquorumque
1007 1236 1240 1290 tormentorum
1273 1226 1483 1289 refectionem
1510 1224 1558 1287 fui

411 1338 540 1417 praesto
564 1339 596 1392 et
619 1350 692 1392 cum
715 1329 761 1392 eis
785 1327 954 1393 commoda
975 1329 1097 1413 accepi.
1144 1349 1226 1413 quac
1255 1349 1327 1390 cum
1349 1328 1454 1414 primo
1476 1327 1557 1390 mihi

411 1432 576 1513 tribuisti,
600 1430 855 1514 recognitionem
870 1452 928 1516 per
944 1430 1063 1495 sororis
1080 1429 1391 1492 commendationem
1408 1431 1557 1494 servasti.

412 1554 485 1596 cum
514 1554 591 1616 ergo
621 1554 657 1595 eo
685 1531 842 1594 beneficio
866 1552 970 1595 essem
992 1529 1172 1615 obligatus,
1200 1540 1237 1594 ut
1258 1531 1301 1593 ad
1324 1531 1447 1594 exitum
1470 1534 1558 1595 vitae
1577 1546 1593 1590 3

413 1657 478 1698 non
500 1633 654 1696 haberem
676 1634 805 1719 inopiae
826 1634 988 1714 timorem,
1011 1632 1092 1695 haec
1113 1633 1175 1695 tibi
1198 1633 1342 1697 scribere
1365 1635 1457 1721 coepi
1472 1634 1558 1719 quod

266 1761 269 1766 ·
364 1758 396 1803 to
413 1736 632 1799 animadverti
654 1733 755 1799 multa
776 1743 809 1798 te
831 1733 1059 1799 aedificavisse
1082 1743 1113 1797 et
1129 1756 1214 1797 nunc
1227 1734 1411 1817 aedificare,
1434 1734 1558 1820 reliquo

413 1860 540 1924 quoque
562 1846 708 1924 tempore
731 1845 762 1899 et
779 1835 984 1922 publicorum
999 1846 1031 1900 et
1046 1836 1247 1921 privatorum
1262 1835 1483 1902 aedificiorum
1499 1860 1557 1923 pro

412 1939 628 2025 amplitudine
654 1949 949 2023 rerumgestarum
975 1947 1011 2001 ut
1033 1938 1172 2025 posteris
1195 1938 1368 2001 memoriae
1390 1939 1560 2002 tradantur

413 2062 523 2105 curam
545 2041 744 2105 habiturum.
789 2041 967 2127 conscripsi
989 2040 1261 2127 praescriptiones
1289 2041 1494 2122 terminatas,
1522 2050 1558 2104 ut

367 2187 369 2194 ,
414 2165 468 2207 eas
491 2143 663 2207 attendens
693 2151 724 2205 et
752 2151 828 2205 ante
855 2142 943 2205 facta
966 2152 998 2204 et
1019 2142 1128 2205 futura
1156 2139 1264 2226 qualia
1294 2142 1359 2203 sint
1381 2164 1479 2229 opera
1501 2164 1559 2228 per

365 2264 397 2310 15
415 2255 447 2308 te
462 2267 574 2332 posses
590 2254 667 2308 nota
682 2243 812 2307 habere.
856 2265 996 2328 namque
1010 2243 1062 2306 his
1078 2242 1297 2307 voluminibus
1308 2222 1432 2329 ‘aperui
1448 2265 1559 2307 omnes

414 2346 607 2434 disciplinae
629 2347 790 2412 rationes:

313 2444 401 2570 lamp
504 2449 688 2513 Architecti
711 2459 760 2513 est
782 2448 919 2511 scientia
940 2447 1088 2532 pluribus
1111 2445 1295 2532 disciplinis
1318 2456 1350 2511 et
1365 2448 1465 2511 variis
1487 2470 1557 2511 eru·
1579 2457 1592 2503 1
1611 2461 1662 2512 (ed.

346 2528 382 2556 ⁰⁰⁴
416 2551 596 2615 ditionibus
624 2560 753 2632 ornata,
787 2551 879 2615 cuius
908 2550 1031 2613 iudicio
1058 2548 1237 2635 probantur
1265 2549 1373 2612 omnia
1406 2571 1489 2634 quae
1515 2550 1558 2612 ab
1577 2530 1664 2579 ΜΨ)

415 2653 532 2716 ceteris
560 2651 685 2715 artibus
715 2652 927 2738 perficiuntur
955 2673 1063 2737 opera.
1109 2673 1146 2714 ea
1172 2652 1317 2715 nascitur
1340 2673 1357 2714 e
1378 2651 1503 2715 fabrica
1526 2662 1557 2715 et

363 2769 396 2817 20
413 2754 669 2817 ratiocinatione.
714 2752 840 2817 fabrica
869 2762 918 2817 est
946 2753 1135 2816 continuata
1161 2774 1200 2816 ac
1222 2753 1300 2817 trita
1321 2775 1399 2818 usus
1422 2754 1558 2818 medita·
1628 2826 1634 2831 ς

413 2857 475 2936 tio,
505 2876 568 2939 qua
595 2855 745 2917 manibus
773 2854 939 2940 perficitur
968 2855 1144 2917 emeteria
1172 2856 1403 2942 cuiuscumque
1428 2858 1558 2941 generis

413 2979 494 3042 opus
517 2955 630 3020 estad
652 2959 852 3043 propositum
876 2955 1133 3019 deformationis.
1166 2958 1371 3022 ratiocinatio
1385 2969 1492 3022 autern
1509 2969 1558 3022 est

414 3079 496 3143 quae
518 3079 570 3121 res
591 3058 767 3122 fabricatas
783 3056 938 3140 sollertia,
962 3058 1087 3120 ratione
1101 3059 1319 3143 proportionis
1336 3059 1557 3125 demonstrare

414 3169 510 3245 atque
546 3152 711 3247 explicare
739 3168 861 3246 potest.
929 3159 1040 3243 itaque
1068 3159 1239 3224 architecti
1263 3163 1411 3246 quisine
1438 3163 1592 3227 litterisa

363 3276 396 3325 25
414 3262 647 3326 contenderant
680 3271 717 3324 ut
743 3260 893 3325 manibus
928 3270 1036 3325 essent
1070 3263 1257 3346 exercitati,
1290 3287 1356 3330 non
1383 3273 1557 3351 potuerunt

414 3363 543 3428 efficere
570 3373 606 3426 ut
634 3362 793 3426 haberent
820 3383 879 3449 pro
906 3361 1074 3426 laboribus
1100 3366 1342 3447 auctoritatem,
1371 3367 1427 3451 qui
1449 3376 1556 3430 autem
1613 3424 1617 3432 .

483 3676 496 3721 l
520 3671 707 3723 dedicavisset
730 3673 782 3722 GH
808 3669 927 3737 (Lepos,
945 3698 977 3708 —
1006 3676 1099 3724 cassat
1120 3673 1172 3739 ch).
1201 3671 1214 3740 ll
1245 3677 1262 3724 4
1288 3675 1418 3726 Minidio:
1444 3683 1482 3727 ste
1505 3677 1556 3727 GH

394 3756 567 3821 tappetem.
609 3758 673 3819 sort.
701 3757 825 3807 Minicio.
857 3753 869 3822 ll
899 3743 962 3808 dit:
991 3762 1029 3809 sic
1052 3760 1110 3809 GH.
1133 3757 1145 3825 ΙΙ
1173 3760 1372 3824 apparitionem
1397 3763 1421 3814 h.
1451 3758 1463 3827 11
1496 3761 1555 3810 bal-

413 3841 538 3890 listarum
576 3843 609 3900 G,
648 3842 810 3891 balistarum
840 3840 868 3889 H
901 3839 1065 3907 (LPpblch).
1097 3841 1109 3908 ΙΙ
1146 3845 1161 3892 5
1187 3845 1358 3909 scorpionem
1390 3855 1450 3896 unte
1484 3862 1554 3896 corr.

361 3972 366 3978 -
414 3930 532 4007 (—ndm)
553 3944 591 3995 Η.·
615 3939 627 4008 ll
651 3945 667 3993 6
687 3959 747 3992 cum
767 3943 794 3991 H
812 3941 880 4006 (EF,
894 3943 928 3991 cri
939 3937 982 4006 p'b,
1001 3948 1058 3992 tum
1070 3948 1101 4003 lc,
1120 3946 1150 3993 tir
1163 3942 1208 4010 ld:
1232 3961 1346 4011 cumque
1367 3946 1460 4007 Gisic:
1482 3948 1555 4010 Que-

414 4030 475 4092 cirq,
492 4024 534 4092 l).
552 4024 563 4093 ll
579 4029 594 4078 t
608 4028 838 4092 recognitionem:
857 4028 895 4076 sic
914 4026 1041 4089 alsuca
1060 4028 1233 4079 ballistarum
1252 4032 1323 4094 eta).
1345 4028 1357 4096 ΙΙ
1381 4035 1413 4082 10
1426 4032 1555 4083 aedifica-

412 4128 494 4180 viss&
511 4137 570 4180 ante
587 4145 642 4183 ras.
662 4130 698 4182 H.
722 4125 733 4196 ΙΙ
757 4131 788 4178 12
805 4128 909 4193 poteris
930 4136 990 4178 ante
1007 4145 1075 4180 corr.
1091 4131 1125 4193 G,
1144 4123 1317 4196 posterrohes
1337 4141 1396 4182 ante
1414 4150 1483 4185 corr.
1502 4138 1518 4183 l.
1537 4133 1551 4201 Η

412 4214 558 4264 tradantur
569 4214 660 4265 Solea:
679 4212 855 4263 traderentur
869 4213 926 4265 GH.
943 4208 956 4278 ll
974 4201 1006 4263 13
1016 4215 1263 4281 praescriptiones:
1281 4220 1319 4268 sic
1332 4218 1391 4270 GH.
1408 4215 1420 4283 ll
1441 4221 1473 4267 14
1491 4224 1555 4268 sunt

226 4316 230 4326 ·
335 4360 340 4369 ’
413 4305 472 4346 onte
490 4313 558 4351 corr.
578 4299 600 4348 θ
617 4305 642 4347 et
659 4315 681 4348 c.
703 4296 714 4364 ΙΙ
739 4300 770 4347 17
790 4297 869 4360 (rubr.
888 4298 936 4350 liu.
955 4296 1090 4360 mail-De
1110 4301 1272 4351 architectis
1291 4303 1481 4354 instituendis.
1496 4306 1555 4354 GH.

422 4377 436 4447 Η
467 4383 499 4432 18
518 4382 596 4430 cuius
614 4381 715 4431 iudicio
728 4382 880 4446 probantur
892 4383 986 4431 omnia
1005 4383 1039 4433 G:
1058 4400 1104 4437 om.
1123 4384 1347 4451 (ornata.quae)
1365 4389 1395 4436 H
1413 4371 1555 4453 (LPpboh,

413 4469 471 4516 item
488 4464 538 4530 of).
567 4463 579 4530 ΙΙ
609 4467 640 4514 19
660 4481 693 4515 ex
712 4463 803 4528 G(L):
822 4463 845 4514 dt
862 4466 891 4514 H
901 4463 986 4530 (Prile,
1006 4471 1034 4518 et
1051 4468 1087 4532 b),
1105 4477 1133 4518 ut
1149 4484 1229 4533 saepe
1245 4486 1332 4533 proae
1352 4470 1392 4537 (e)
1410 4477 1451 4523 vel
1462 4489 1495 4522 ex
1504 4490 1555 4538 per

413 4553 546 4614 liyaturum
563 4551 675 4613 scriptis.
699 4544 711 4615 ll
734 4551 766 4599 20
784 4551 970 4600 rationatione
990 4552 1025 4604 H.
1049 4549 1061 4618 ΙΙ
1083 4555 1115 4602 21
1135 4567 1189 4616 qua
1206 4554 1358 4605 Buttmann:
1377 4571 1449 4620 qnae
1464 4558 1523 4607 GH.
1540 4556 1552 4622 ll

413 4634 495 4682 unius
514 4641 573 4682 ante
588 4633 779 4698 cuiuscumque
793 4637 852 4685 add.
868 4635 910 4685 GC.
928 4632 940 4701 ΙΙ
961 4638 993 4684 22
1007 4641 1100 4686 autem
1119 4642 1176 4688 est:
1194 4640 1208 4688 e
1227 4625 1279 4689 aut
1292 4643 1310 4693 l.
1336 4637 1349 4706 ss
1372 4643 1405 4691 23
1418 4641 1554 4704 sollertia,

414 4717 520 4769 ratione
539 4718 723 4784 proportionis
747 4735 805 4784 epo:
836 4719 978 4770 sollertiae
1001 4736 1035 4768 ac
1058 4720 1174 4772 rationis
1197 4726 1371 4794 proportione
1396 4726 1454 4780 cli.
