3784 5625
434 656 497 719 276
924 668 1083 714 mrauvn

434 823 552 887 crassis
575 839 615 887 rs
638 819 714 885 latis
738 839 765 885 s.
810 820 933 884 distent
960 829 1069 884 autem
1091 818 1329 883 transversaria
1350 817 1437 880 inter
1459 838 1496 880 se
1518 818 1580 880 cir·

434 925 515 988 citer
536 922 621 1009 pede
644 932 709 987 ets
733 930 1022 1008 supponanturque
1043 922 1079 983 in
1101 918 1239 1004 singulis
1262 916 1445 982 intervallis
1469 940 1579 983 corum

432 1022 634 1105 arbusculae,
659 1044 741 1109 quae
763 1045 880 1107 graece
903 1022 1112 1105 αμαξοποδες
1134 1021 1296 1101 dicuntur,
1320 1019 1491 1104 inquibus
1507 1040 1580 1081 ver·

432 1134 545 1188 santur
574 1134 719 1188 rotarum
745 1146 823 1187 axes
853 1122 999 1187 conclusi
1024 1122 1141 1185 lamnis
1170 1120 1295 1184 ferreis.
1341 1141 1462 1205 eaeque
1483 1120 1579 1183 arbu-

398 1226 541 1291 ssculae
568 1227 615 1289 ita
641 1226 707 1289 sint
737 1233 991 1311 temperatae'ut
1014 1223 1155 1287 habeant
1177 1221 1328 1285 cardines
1352 1230 1384 1283 et
1406 1220 1578 1302 foramina,

432 1350 495 1413 quo
530 1336 640 1390 vectes
668 1326 797 1389 traiecti
825 1327 1027 1390 versationes
1056 1346 1166 1388 earum
1203 1323 1397 1409 expediant,
1426 1323 1478 1385 uti
1505 1332 1580 1385 ante

433 1437 561 1514 etpost
584 1426 680 1490 etad
703 1426 857 1491 dextrum
885 1448 942 1490 scu
966 1427 1135 1489 sinistrum
1157 1423 1259 1505 latus,
1288 1424 1359 1486 sive
1382 1421 1516 1508 oblique
1537 1423 1580 1485 ad

431 1527 567 1612 angulos
591 1550 671 1613 opus
694 1527 809 1610 fuerit,
838 1528 881 1592 ad
903 1527 939 1591 id
961 1549 1020 1614 per
1041 1526 1230 1590 arbusculas
1253 1534 1400 1588 versatas
1423 1524 1579 1609 progredi

431 1629 546 1715 possit.
578 1627 786 1692 conlocentur
807 1638 916 1693 autem
938 1630 1072 1714 insuper
1093 1628 1198 1691 basim
1219 1628 1311 1711 tigna
1326 1625 1391 1690 duo
1406 1626 1442 1688 in
1455 1634 1612 1691 utram-2
1669 1629 1672 1633 ’

381 1747 413 1795 10
431 1751 494 1816 que
521 1739 648 1814 partem
675 1732 819 1814 proiecta
846 1729 945 1817 pedes
969 1751 1081 1812 senos,
1111 1750 1247 1814 quorum
1269 1729 1356 1790 circa
1377 1728 1578 1813 proiecturas

430 1829 573 1915 figantur
604 1828 706 1893 altera
738 1832 883 1916 proiecta
915 1830 981 1894 duo
1013 1831 1106 1915 tigna
1134 1838 1210 1892 ante
1239 1827 1362 1893 frontes
1390 1826 1493 1913 pedes
1515 1846 1577 1909 vll,

431 1952 541 1994 crassa
568 1940 600 1994 et
629 1930 696 1995 lata
723 1934 772 1996 uti
794 1934 828 1994 in
849 1932 923 1995 basi
945 1941 1021 1995 sunt
1047 1932 1179 2016 scripta.
1223 1931 1358 2016 insuper
1384 1928 1471 1992 hanc
1492 1952 1577 1994 com·

430 2033 613 2119 pactionem
636 2034 803 2117 erigantur
831 2041 941 2119 postes
965 2031 1175 2119 compactiles
1197 2040 1326 2117 praeter
1348 2030 1500 2094 cardines
1523 2054 1577 2118 pe-

430 2134 508 2198 dum
523 2151 613 2216 vnn,
637 2133 856 2198 crassitudine
872 2156 1117 2220 quoquoversus
1133 2130 1379 2219 palmipedales,
1402 2132 1579 2196 intervalla

381 2252 413 2300 15
430 2236 588 2299 habentes
611 2236 698 2300 inter
721 2257 755 2298 se
771 2236 988 2322 sesquipedis.
1026 2237 1056 2298 ei
1071 2232 1307 2299 concludantur
1322 2255 1463 2321 superne
1476 2236 1577 2299 inter-

431 2337 608 2401 cardinatis
635 2336 796 2401 trabibus.
842 2359 940 2423 supra
968 2337 1088 2401 trabes·
1107 2334 1316 2400 conlocentur
1343 2335 1488 2421 capreoli
1508 2358 1577 2399 car-

431 2437 563 2503 dinibus
586 2436 669 2502 alius
692 2439 727 2501 in
748 2437 848 2501 alium
871 2437 1033 2520 conclusi,
1063 2439 1098 2500 in
1119 2436 1294 2501 altitudine
1316 2438 1453 2501 excitati
1475 2438 1577 2524 pedes

429 2558 518 2604 v1111.
564 2561 662 2626 supra
689 2539 855 2625 capreolos
891 2539 1078 2603 conlocetur
1111 2538 1305 2624 quadratum
1332 2538 1477 2622 tignum,
1514 2562 1578 2625 quo
1643 2540 1646 2544 ’

430 2641 571 2728 capreoli
597 2642 845 2725 coniungantur.
888 2642 953 2728 ipsi
975 2651 1084 2705 autem
1106 2638 1268 2704 laterariis
1291 2641 1378 2703 cirea
1399 2640 1477 2704 fixis
1500 2662 1577 2705 con·
1596 2660 1612 2707 3

379 2745 595 2808 retineantur
620 2752 837 2829 teganturque
865 2741 986 2807 tabulis
1014 2742 1157 2805 maxime
1184 2742 1341 2828 prininis,
1371 2742 1400 2806 si
1421 2764 1505 2825 non,
1536 2764 1579 2806 ex

429 2824 537 2907 cetera
558 2845 695 2907 materia
717 2866 799 2929 quae
821 2845 964 2907 maxime
986 2844 1106 2908 habere
1128 2852 1235 2929 potest
1256 2845 1422 2927 virtutem,
1446 2854 1580 2930 praeter

343 2958 347 2963 ’
428 2946 541 3031 pinum
563 2953 619 3007 aut
640 2943 760 3009 alnum.
804 2945 885 3008 haec
907 2947 993 3008 enim
1016 2955 1092 3009 sunt
1119 2943 1252 3029 fragilia
1274 2954 1306 3007 et
1327 2944 1470 3008 faciliter
1493 2949 1577 3010 reci-

429 3048 523 3133 piunt
544 3047 664 3131 ignem.
704 3049 825 3111 circum
846 3046 993 3111 tabulata
1015 3045 1224 3112 conlocentur
1241 3055 1346 3110 crates
1362 3069 1404 3110 ex
1419 3048 1577 3112 tenuibus

428 3149 532 3234 virgis
567 3148 763 3213 creberrime
793 3159 918 3232 textae,
952 3149 1158 3234 maximeque
1186 3148 1372 3213 recentibus
1401 3149 1577 3236 percrudis

428 3323 655 3331 ——ae—

497 3424 511 3471 1
531 3422 823 3473 erassis,F.S.latis
842 3422 933 3488 (Latis
953 3423 1050 3488 H).S.:
1072 3426 1111 3474 sic
1129 3424 1188 3475 GH.
1209 3420 1221 3491 ΙΙ
1242 3424 1326 3474 distet
1347 3432 1406 3474 ante
1423 3440 1493 3475 corr.
1514 3427 1544 3476 G.
1560 3424 1575 3491 ΙΙ

429 3505 624 3556 21η1ετναΙΙεε
642 3513 701 3556 ante
724 3523 793 3557 corr.
814 3509 844 3558 G.
868 3505 880 3575 ((
903 3499 1122 3573 adpetitores
1145 3508 1203 3561 Joc.
1224 3507 1270 3571 (ecc
1287 3509 1376 3571 Att.):
1396 3511 1579 3577 anaxopodes

430 3590 481 3639 GH
503 3591 548 3652 (lc,
567 3591 760 3670 anaxoupedes
778 3592 823 3656 L).
847 3588 858 3658 ΙΙ
881 3594 897 3642 4
915 3609 996 3658 eaeq3
1013 3594 1045 3642 H
1060 3592 1103 3656 (L,
1124 3608 1211 3657 aeque
1223 3596 1239 3655 l,
1260 3609 1348 3660 aequa
1360 3593 1413 3661 ct),
1432 3611 1464 3660 ee
1479 3610 1535 3662 que
1555 3598 1578 3646 G

429 3689 472 3756 (eq
491 3704 543 3753 que
564 3690 617 3756 G0).
633 3686 646 3757 ΙΙ
663 3694 678 3740 7
697 3691 827 3742 addextra
844 3698 903 3743 ante
915 3709 984 3747 corr.
1000 3694 1030 3743 G.
1045 3689 1058 3760 (l
1073 3696 1090 3744 8
1106 3698 1234 3744 versatas
1246 3694 1331 3748 Man:
1350 3696 1472 3745 versatis
1483 3697 1545 3750 GH.
1561 3695 1575 3761 ΙΙ

428 3778 444 3826 9
461 3776 549 3840 possit
567 3776 653 3825 Mora:
671 3778 779 3841 possint
798 3779 856 3830 GH.
879 3773 891 3844 [Ι
916 3779 948 3827 10
966 3793 1047 3828 senus
1064 3778 1097 3827 Η
1112 3778 1149 3842 (et
1166 3786 1226 3829 ante
1238 3795 1308 3830 corr.
1327 3778 1372 3844 L).
1392 3774 1406 3845 (l
1430 3781 1461 3828 11
1482 3780 1577 3830 altera

429 3859 518 3911 altera
531 3858 592 3924 (bis)
610 3860 650 3908 Η.
666 3857 679 3927 ((
703 3863 733 3910 12
752 3862 814 3912 basi
834 3863 855 3912 G
874 3861 948 3924 (L‘):
966 3862 1043 3914 bassi
1061 3863 1090 3911 Η
1107 3862 1128 3927 (1
1139 3870 1164 3913 et
1175 3870 1235 3914 aute
1253 3880 1321 3915 corr.
1340 3865 1373 3922 L,
1390 3864 1478 3913 bassa
1490 3863 1544 3928 ct).
1559 3862 1573 3930 Η

428 3945 638 4010 conpactionem
657 3945 708 3995 GH
727 3945 769 4010 (L,
791 3947 1026 4010 comparationem
1044 3947 1086 4009 Ic).
1101 3943 1113 4013 ((
1128 3950 1159 3998 13
1178 3948 1321 4012 erigantur
1331 3948 1403 3997 Joa:
1424 3948 1577 4012 exigantur

429 4029 487 4079 GH.
512 4025 524 4094 l(
547 4030 580 4078 14
598 4042 705 4093 quoquo
723 4045 819 4080 versus
839 4031 889 4081 GH
908 4029 952 4093 (L,
971 4045 1054 4096 quoq3
1072 4047 1170 4082 versus
1187 4031 1231 4096 Ic).
1253 4028 1265 4097 ΙΙ
1285 4030 1488 4096 palmipedales
1500 4033 1576 4083 loos

426 4113 519 4176 palmo
537 4112 652 4178 pedales
670 4115 699 4162 H
718 4112 798 4179 (Llc),
816 4114 908 4178 palmo
925 4114 1035 4179 pedalis
1055 4115 1084 4164 G.
1108 4112 1120 4181 ΙΙ
1144 4119 1176 4166 lt
1193 4100 1367 4181 sesquipedis
1385 4118 1440 4166 ed:
1460 4132 1506 4166 ses
1525 4119 1576 4181 qni

426 4196 509 4260 pedes
529 4197 550 4246 G
563 4195 619 4260 (L),
633 4196 830 4263 ses(quipedes
842 4200 870 4248 H
883 4198 939 4260 (ses
953 4198 1082 4264 quipedes
1094 4196 1136 4262 lc).
1153 4195 1165 4265 ΙΙ
1183 4201 1208 4250 ei
1226 4216 1272 4264 epo
1291 4198 1337 4263 (es.
1353 4217 1382 4265 p.
1401 4202 1460 4260 278,
1475 4195 1526 4265 6);4
1538 4219 1574 4253 ea

428 4281 485 4335 GH.
499 4278 511 4347 l(
523 4282 749 4332 intercardinatis
761 4283 790 4331 H
799 4281 919 4346 (G0Ltc):
932 4285 1005 4333 inter
1017 4284 1153 4333 ordinatis
1164 4283 1186 4332 G
1198 4282 1257 4348 (sed
1266 4300 1346 4348 supro
1358 4300 1389 4334 or.
1402 4285 1436 4334 G⁶
1446 4282 1462 4331 1
1474 4285 1547 4350 car).
1560 4287 1572 4353 ((

427 4367 459 4414 17
472 4366 544 4415 alius
563 4366 701 4433 analium
719 4367 749 4414 H
766 4366 850 4428 (alius
869 4366 991 4417 analium
1009 4370 1033 4416 lc
1050 4376 1076 4418 et
1093 4375 1153 4418 onte
1170 4384 1239 4418 corr.
1258 4369 1294 4426 L,
1313 4368 1401 4417 inalisr
1418 4369 1479 4433 Le),
1499 4370 1576 4422 alins

427 4450 523 4498 analiu
543 4451 572 4502 G.
596 4446 609 4516 l(
631 4451 660 4500 in
679 4450 825 4500 altitudine
844 4451 961 4501 excitati
978 4437 1094 4516 (Ltc,'et
1112 4452 1193 4502 citati
1212 4451 1398 4517 G)13.vl111.
1419 4453 1479 4507 GH.
1502 4452 1516 4521 (l
1541 4459 1575 4506 18

426 4547 480 4597 qua
498 4525 557 4583 onte
579 4550 647 4587 corr.
673 4535 701 4585 G.
725 4532 737 4601 l(
755 4538 789 4584 20
806 4535 921 4598 prininis
943 4542 1034 4601 epact
1053 4536 1283 4602 Mutter-Strrtbinp
1305 4535 1350 4600 (cs.
1369 4539 1401 4587 de
1424 4539 1483 4588 ilice
1500 4541 1573 4591 Prin.

426 4619 469 4675 16,
489 4616 564 4684 229):
584 4619 679 4682 primis
698 4617 821 4682 (prilmis
838 4619 877 4683 H)
898 4619 957 4668 GH.
972 4617 984 4686 l(
1001 4624 1034 4672 23
1052 4625 1146 4690 grates
1164 4622 1215 4672 GH
1233 4620 1280 4687 (L,
1299 4627 1391 4672 crates
1410 4622 1492 4688 601⁶).
1507 4622 1522 4691 ΙΙ
1539 4627 1575 4676 24

424 4701 518 4750 textae
537 4700 612 4750 Sota.
631 4701 721 4774 (req.):
740 4707 819 4752 texta
839 4703 897 4753 GH.
922 4699 936 4770 (l
957 4707 1126 4756 rectentibns
1146 4706 1175 4757 G.
