<?xml version="1.0" encoding="UTF-8"?>
<!DOCTYPE html PUBLIC "-//W3C//DTD XHTML 1.0 Transitional//EN"
    "http://www.w3.org/TR/xhtml1/DTD/xhtml1-transitional.dtd">
<html xmlns="http://www.w3.org/1999/xhtml" xml:lang="en" lang="en">
 <head>
  <title>
</title>
<meta http-equiv="Content-Type" content="text/html;charset=utf-8" />
  <meta name='ocr-system' content='tesseract 3.04.00' />
  <meta name='ocr-capabilities' content='ocr_page ocr_carea ocr_par ocr_line ocrx_word'/>
</head>
<body>
  <div class='ocr_page' id='page_1' title='image "./vitruviidearchi01strgoog_0266.png"; bbox 0 0 3784 5625; ppageno 0'>
   <div class='ocr_carea' id='block_1_1' title="bbox 412 668 1060 731">
    <p class='ocr_par' dir='ltr' id='par_1_1' title="bbox 412 668 1060 731">
     <span class='ocr_line' id='line_1_1' title="bbox 412 668 1060 731; baseline -0.008 0"><span class='ocrx_word' id='word_1_1' title='bbox 412 668 475 731; x_wconf 81' lang='lat'>248</span> <span class='ocrx_word' id='word_1_2' title='bbox 903 681 1060 727; x_wconf 85' lang='lat' dir='ltr'>vrruuvn</span> 
     </span>
    </p>
   </div>
   <div class='ocr_carea' id='block_1_2' title="bbox 308 833 1652 2849">
    <p class='ocr_par' dir='ltr' id='par_1_2' title="bbox 308 833 1651 1630">
     <span class='ocr_line' id='line_1_2' title="bbox 364 833 1560 932; baseline -0.001 -33"><span class='ocrx_word' id='word_1_3' title='bbox 364 912 375 932; x_wconf 45' lang='grc' dir='ltr'><em>Ι</em></span> <span class='ocrx_word' id='word_1_4' title='bbox 412 838 447 900; x_wconf 92' lang='lat' dir='ltr'>in</span> <span class='ocrx_word' id='word_1_5' title='bbox 474 836 637 899; x_wconf 87' lang='lat' dir='ltr'>inferioris</span> <span class='ocrx_word' id='word_1_6' title='bbox 667 833 806 898; x_wconf 82' lang='lat' dir='ltr'>trocleae</span> <span class='ocrx_word' id='word_1_7' title='bbox 834 834 980 897; x_wconf 87' lang='lat' dir='ltr'>foramen</span> <span class='ocrx_word' id='word_1_8' title='bbox 1007 836 1055 897; x_wconf 88' lang='lat' dir='ltr'>uti</span> <span class='ocrx_word' id='word_1_9' title='bbox 1083 834 1232 919; x_wconf 89' lang='lat' dir='ltr'>aequalia</span> <span class='ocrx_word' id='word_1_10' title='bbox 1260 833 1324 898; x_wconf 89' lang='lat' dir='ltr'>duc</span> <span class='ocrx_word' id='word_1_11' title='bbox 1353 834 1463 919; x_wconf 87' lang='lat' dir='ltr'>capita</span> <span class='ocrx_word' id='word_1_12' title='bbox 1493 834 1560 898; x_wconf 91' lang='lat' dir='ltr'>siut</span> 
     </span>
     <span class='ocr_line' id='line_1_3' title="bbox 308 934 1651 1021; baseline -0.001 -20"><span class='ocrx_word' id='word_1_13' title='bbox 308 978 311 981; x_wconf 37' lang='lat'><strong>⁴</strong></span> <span class='ocrx_word' id='word_1_14' title='bbox 415 938 500 1001; x_wconf 83' lang='lat' dir='ltr'>lunis</span> <span class='ocrx_word' id='word_1_15' title='bbox 530 958 602 999; x_wconf 84' lang='lat' dir='ltr'>curn</span> <span class='ocrx_word' id='word_1_16' title='bbox 632 938 693 1000; x_wconf 90' lang='lat' dir='ltr'>erit</span> <span class='ocrx_word' id='word_1_17' title='bbox 722 946 893 1017; x_wconf 62' lang='lat' dir='ltr'>extensae,</span> <span class='ocrx_word' id='word_1_18' title='bbox 930 935 1042 1021; x_wconf 78' lang='lat' dir='ltr'>ibique</span> <span class='ocrx_word' id='word_1_19' title='bbox 1071 935 1248 998; x_wconf 87' lang='lat' dir='ltr'>secundum</span> <span class='ocrx_word' id='word_1_20' title='bbox 1276 934 1467 1000; x_wconf 86' lang='lat' dir='ltr'>inferiorem</span> <span class='ocrx_word' id='word_1_21' title='bbox 1496 945 1560 999; x_wconf 90' lang='lat' dir='ltr'>tro·</span> <span class='ocrx_word' id='word_1_22' title='bbox 1649 963 1651 968; x_wconf 95' lang='lat'>·</span> 
     </span>
     <span class='ocr_line' id='line_1_4' title="bbox 414 1036 1561 1122; baseline -0.002 -21"><span class='ocrx_word' id='word_1_23' title='bbox 414 1038 515 1101; x_wconf 90' lang='lat' dir='ltr'>cleam</span> <span class='ocrx_word' id='word_1_24' title='bbox 538 1037 691 1101; x_wconf 87' lang='lat' dir='ltr'>resticula</span> <span class='ocrx_word' id='word_1_25' title='bbox 714 1037 913 1101; x_wconf 89' lang='lat' dir='ltr'>circumdata</span> <span class='ocrx_word' id='word_1_26' title='bbox 937 1046 969 1100; x_wconf 93' lang='lat' dir='ltr'>et</span> <span class='ocrx_word' id='word_1_27' title='bbox 991 1046 1143 1100; x_wconf 87' lang='lat' dir='ltr'>contenta</span> <span class='ocrx_word' id='word_1_28' title='bbox 1159 1045 1314 1121; x_wconf 90' lang='lat' dir='ltr'>utraeque</span> <span class='ocrx_word' id='word_1_29' title='bbox 1336 1046 1447 1122; x_wconf 90' lang='lat' dir='ltr'>partes</span> <span class='ocrx_word' id='word_1_30' title='bbox 1470 1036 1561 1099; x_wconf 85' lang='lat' dir='ltr'>funis</span> 
     </span>
     <span class='ocr_line' id='line_1_5' title="bbox 413 1138 1563 1224; baseline -0.001 -23"><span class='ocrx_word' id='word_1_31' title='bbox 413 1141 629 1221; x_wconf 84' lang='lat' dir='ltr'>eontinentur,</span> <span class='ocrx_word' id='word_1_32' title='bbox 652 1149 688 1202; x_wconf 93' lang='lat' dir='ltr'>ut</span> <span class='ocrx_word' id='word_1_33' title='bbox 710 1160 814 1224; x_wconf 90' lang='lat' dir='ltr'>neque</span> <span class='ocrx_word' id='word_1_34' title='bbox 836 1141 871 1202; x_wconf 92' lang='lat' dir='ltr'>in</span> <span class='ocrx_word' id='word_1_35' title='bbox 892 1138 1043 1202; x_wconf 82' lang='lat' dir='ltr'>dextram</span> <span class='ocrx_word' id='word_1_36' title='bbox 1059 1160 1164 1224; x_wconf 90' lang='lat' dir='ltr'>neque</span> <span class='ocrx_word' id='word_1_37' title='bbox 1187 1140 1220 1201; x_wconf 90' lang='lat' dir='ltr'>in</span> <span class='ocrx_word' id='word_1_38' title='bbox 1243 1138 1411 1201; x_wconf 81' lang='lat' dir='ltr'><strong>sinistram</strong></span> <span class='ocrx_word' id='word_1_39' title='bbox 1433 1148 1563 1223; x_wconf 87' lang='lat' dir='ltr'>partem</span> 
     </span>
     <span class='ocr_line' id='line_1_6' title="bbox 380 1238 1564 1329; baseline -0.005 -21"><span class='ocrx_word' id='word_1_40' title='bbox 380 1244 539 1329; x_wconf 72' lang='lat' dir='ltr'>spossint</span> <span class='ocrx_word' id='word_1_41' title='bbox 567 1239 707 1328; x_wconf 88' lang='lat' dir='ltr'>prodire.</span> <span class='ocrx_word' id='word_1_42' title='bbox 759 1238 877 1302; x_wconf 89' lang='lat' dir='ltr'>deinde</span> <span class='ocrx_word' id='word_1_43' title='bbox 907 1241 1014 1327; x_wconf 90' lang='lat' dir='ltr'>capita</span> <span class='ocrx_word' id='word_1_44' title='bbox 1042 1240 1130 1302; x_wconf 86' lang='lat' dir='ltr'>funis</span> <span class='ocrx_word' id='word_1_45' title='bbox 1157 1239 1343 1304; x_wconf 85' lang='lat' dir='ltr'>referuntur</span> <span class='ocrx_word' id='word_1_46' title='bbox 1370 1242 1404 1303; x_wconf 90' lang='lat' dir='ltr'>in</span> <span class='ocrx_word' id='word_1_47' title='bbox 1434 1262 1564 1303; x_wconf 87' lang='lat' dir='ltr'>summa</span> 
     </span>
     <span class='ocr_line' id='line_1_7' title="bbox 412 1340 1565 1428; baseline -0.002 -20"><span class='ocrx_word' id='word_1_48' title='bbox 412 1342 533 1409; x_wconf 81' lang='lat' dir='ltr'>troclea</span> <span class='ocrx_word' id='word_1_49' title='bbox 555 1342 596 1405; x_wconf 91' lang='lat' dir='ltr'>ab</span> <span class='ocrx_word' id='word_1_50' title='bbox 620 1343 779 1406; x_wconf 78' lang='lat' dir='ltr'>exteriore</span> <span class='ocrx_word' id='word_1_51' title='bbox 807 1350 899 1428; x_wconf 91' lang='lat' dir='ltr'>parte</span> <span class='ocrx_word' id='word_1_52' title='bbox 922 1351 954 1405; x_wconf 93' lang='lat' dir='ltr'>et</span> <span class='ocrx_word' id='word_1_53' title='bbox 977 1341 1161 1405; x_wconf 88' lang='lat' dir='ltr'>deiciuntur</span> <span class='ocrx_word' id='word_1_54' title='bbox 1183 1342 1269 1404; x_wconf 90' lang='lat' dir='ltr'>circa</span> <span class='ocrx_word' id='word_1_55' title='bbox 1291 1340 1455 1406; x_wconf 84' lang='lat' dir='ltr'>orbiculos</span> <span class='ocrx_word' id='word_1_56' title='bbox 1479 1343 1565 1406; x_wconf 91' lang='lat' dir='ltr'>imos</span> 
     </span>
     <span class='ocr_line' id='line_1_8' title="bbox 414 1441 1564 1529; baseline 0 -22"><span class='ocrx_word' id='word_1_57' title='bbox 414 1454 446 1508; x_wconf 90' lang='lat' dir='ltr'>et</span> <span class='ocrx_word' id='word_1_58' title='bbox 468 1443 605 1507; x_wconf 89' lang='lat' dir='ltr'>redeunt</span> <span class='ocrx_word' id='word_1_59' title='bbox 626 1442 669 1505; x_wconf 92' lang='lat' dir='ltr'>ad</span> <span class='ocrx_word' id='word_1_60' title='bbox 691 1444 790 1507; x_wconf 90' lang='lat' dir='ltr'>imum</span> <span class='ocrx_word' id='word_1_61' title='bbox 814 1444 1058 1529; x_wconf 85' lang='lat' dir='ltr'>coiciunturque</span> <span class='ocrx_word' id='word_1_62' title='bbox 1080 1442 1210 1506; x_wconf 88' lang='lat' dir='ltr'>infimae</span> <span class='ocrx_word' id='word_1_63' title='bbox 1237 1442 1379 1506; x_wconf 83' lang='lat' dir='ltr'>trocleae</span> <span class='ocrx_word' id='word_1_64' title='bbox 1401 1441 1444 1505; x_wconf 89' lang='lat' dir='ltr'>ad</span> <span class='ocrx_word' id='word_1_65' title='bbox 1475 1443 1564 1507; x_wconf 90' lang='lat' dir='ltr'>orbi-</span> 
     </span>
     <span class='ocr_line' id='line_1_9' title="bbox 415 1543 1566 1630; baseline 0 -22"><span class='ocrx_word' id='word_1_66' title='bbox 415 1543 507 1608; x_wconf 80' lang='lat' dir='ltr'>culos</span> <span class='ocrx_word' id='word_1_67' title='bbox 532 1567 574 1607; x_wconf 86' lang='lat' dir='ltr'>ex</span> <span class='ocrx_word' id='word_1_68' title='bbox 602 1545 755 1608; x_wconf 91' lang='lat' dir='ltr'>interiore</span> <span class='ocrx_word' id='word_1_69' title='bbox 784 1554 876 1630; x_wconf 88' lang='lat' dir='ltr'>parte</span> <span class='ocrx_word' id='word_1_70' title='bbox 898 1553 930 1607; x_wconf 92' lang='lat' dir='ltr'>et</span> <span class='ocrx_word' id='word_1_71' title='bbox 958 1544 1144 1607; x_wconf 88' lang='lat' dir='ltr'>referuntur</span> <span class='ocrx_word' id='word_1_72' title='bbox 1166 1543 1343 1608; x_wconf 80' lang='lat' dir='ltr'>dextrane</span> <span class='ocrx_word' id='word_1_73' title='bbox 1371 1544 1510 1607; x_wconf 88' lang='lat' dir='ltr'>sinistra</span> <span class='ocrx_word' id='word_1_74' title='bbox 1533 1555 1566 1608; x_wconf 92' lang='lat' dir='ltr'>et</span> 
     </span>
    </p>

    <p class='ocr_par' dir='ltr' id='par_1_3' title="bbox 366 1645 1652 2849">
     <span class='ocr_line' id='line_1_10' title="bbox 417 1645 1601 1731; baseline -0.003 -22"><span class='ocrx_word' id='word_1_75' title='bbox 417 1645 461 1709; x_wconf 89' lang='lat' dir='ltr'>ad</span> <span class='ocrx_word' id='word_1_76' title='bbox 489 1654 587 1731; x_wconf 89' lang='lat' dir='ltr'>eaput</span> <span class='ocrx_word' id='word_1_77' title='bbox 615 1648 702 1710; x_wconf 88' lang='lat' dir='ltr'>eirca</span> <span class='ocrx_word' id='word_1_78' title='bbox 730 1645 892 1709; x_wconf 75' lang='lat' dir='ltr'>orbiculos</span> <span class='ocrx_word' id='word_1_79' title='bbox 921 1668 1063 1709; x_wconf 89' lang='lat' dir='ltr'>summos</span> <span class='ocrx_word' id='word_1_80' title='bbox 1092 1645 1243 1709; x_wconf 89' lang='lat' dir='ltr'>redeunt.</span> <span class='ocrx_word' id='word_1_81' title='bbox 1292 1646 1423 1708; x_wconf 89' lang='lat' dir='ltr'>traiecti</span> <span class='ocrx_word' id='word_1_82' title='bbox 1450 1656 1601 1710; x_wconf 69' lang='lat' dir='ltr'>autema</span> 
     </span>
     <span class='ocr_line' id='line_1_11' title="bbox 371 1746 1569 1834; baseline -0.001 -22"><span class='ocrx_word' id='word_1_83' title='bbox 371 1769 398 1812; x_wconf 78' lang='lat' dir='ltr'>te</span> <span class='ocrx_word' id='word_1_84' title='bbox 416 1748 458 1810; x_wconf 90' lang='lat' dir='ltr'>ab</span> <span class='ocrx_word' id='word_1_85' title='bbox 482 1748 643 1810; x_wconf 86' lang='lat' dir='ltr'>exteriore</span> <span class='ocrx_word' id='word_1_86' title='bbox 666 1757 757 1832; x_wconf 90' lang='lat' dir='ltr'>parte</span> <span class='ocrx_word' id='word_1_87' title='bbox 780 1747 929 1809; x_wconf 89' lang='lat' dir='ltr'>feruntur</span> <span class='ocrx_word' id='word_1_88' title='bbox 952 1746 1069 1810; x_wconf 88' lang='lat' dir='ltr'>dextra</span> <span class='ocrx_word' id='word_1_89' title='bbox 1090 1768 1129 1809; x_wconf 88' lang='lat' dir='ltr'>ac</span> <span class='ocrx_word' id='word_1_90' title='bbox 1151 1746 1284 1810; x_wconf 87' lang='lat' dir='ltr'>sinistra</span> <span class='ocrx_word' id='word_1_91' title='bbox 1310 1756 1508 1834; x_wconf 87' lang='lat' dir='ltr'>tympanum</span> <span class='ocrx_word' id='word_1_92' title='bbox 1531 1749 1569 1811; x_wconf 90' lang='lat' dir='ltr'>in</span> 
     </span>
     <span class='ocr_line' id='line_1_12' title="bbox 415 1847 1567 1936; baseline 0.001 -25"><span class='ocrx_word' id='word_1_93' title='bbox 415 1870 477 1911; x_wconf 90' lang='lat' dir='ltr'>axe</span> <span class='ocrx_word' id='word_1_94' title='bbox 500 1847 612 1932; x_wconf 90' lang='lat' dir='ltr'>ibique</span> <span class='ocrx_word' id='word_1_95' title='bbox 635 1857 670 1910; x_wconf 90' lang='lat' dir='ltr'>ut</span> <span class='ocrx_word' id='word_1_96' title='bbox 692 1847 847 1912; x_wconf 85' lang='lat' dir='ltr'>haereant</span> <span class='ocrx_word' id='word_1_97' title='bbox 871 1848 1087 1933; x_wconf 85' lang='lat' dir='ltr'>conligantur.</span> <span class='ocrx_word' id='word_1_98' title='bbox 1136 1857 1206 1911; x_wconf 90' lang='lat' dir='ltr'>tum</span> <span class='ocrx_word' id='word_1_99' title='bbox 1228 1857 1336 1911; x_wconf 90' lang='lat' dir='ltr'>autem</span> <span class='ocrx_word' id='word_1_100' title='bbox 1359 1849 1447 1911; x_wconf 87' lang='lat' dir='ltr'>&#39;circa</span> <span class='ocrx_word' id='word_1_101' title='bbox 1477 1859 1567 1936; x_wconf 89' lang='lat' dir='ltr'>tym-</span> 
     </span>
     <span class='ocr_line' id='line_1_13' title="bbox 416 1949 1568 2035; baseline 0.002 -23"><span class='ocrx_word' id='word_1_102' title='bbox 416 1949 724 2035; x_wconf 84' lang='lat' dir='ltr'>panuminvolutus</span> <span class='ocrx_word' id='word_1_103' title='bbox 749 1949 830 2012; x_wconf 90' lang='lat' dir='ltr'>alter</span> <span class='ocrx_word' id='word_1_104' title='bbox 854 1950 939 2012; x_wconf 90' lang='lat' dir='ltr'>funis</span> <span class='ocrx_word' id='word_1_105' title='bbox 963 1949 1103 2014; x_wconf 86' lang='lat' dir='ltr'>refertur</span> <span class='ocrx_word' id='word_1_106' title='bbox 1125 1949 1166 2013; x_wconf 93' lang='lat' dir='ltr'>ad</span> <span class='ocrx_word' id='word_1_107' title='bbox 1195 1959 1356 2035; x_wconf 81' lang='lat' dir='ltr'>ergatam‚</span> <span class='ocrx_word' id='word_1_108' title='bbox 1386 1961 1419 2014; x_wconf 90' lang='lat' dir='ltr'>et</span> <span class='ocrx_word' id='word_1_109' title='bbox 1447 1952 1478 2013; x_wconf 86' lang='lat' dir='ltr'>is</span> <span class='ocrx_word' id='word_1_110' title='bbox 1503 1953 1568 2014; x_wconf 90' lang='lat' dir='ltr'>cir-</span> 
     </span>
     <span class='ocr_line' id='line_1_14' title="bbox 415 2050 1569 2137; baseline 0.003 -24"><span class='ocrx_word' id='word_1_111' title='bbox 415 2060 581 2114; x_wconf 89' lang='lat' dir='ltr'>cumactus</span> <span class='ocrx_word' id='word_1_112' title='bbox 604 2061 797 2137; x_wconf 89' lang='lat' dir='ltr'>tympanum</span> <span class='ocrx_word' id='word_1_113' title='bbox 820 2061 851 2114; x_wconf 94' lang='lat' dir='ltr'>et</span> <span class='ocrx_word' id='word_1_114' title='bbox 873 2073 969 2114; x_wconf 81' lang='lat' dir='ltr'>axem</span> <span class='ocrx_word' id='word_1_115' title='bbox 1088 2073 1123 2114; x_wconf 87' lang='lat' dir='ltr'>se</span> <span class='ocrx_word' id='word_1_116' title='bbox 1145 2050 1345 2115; x_wconf 87' lang='lat' dir='ltr'>involvendo</span> <span class='ocrx_word' id='word_1_117' title='bbox 1358 2053 1486 2137; x_wconf 89' lang='lat' dir='ltr'>pariter</span> <span class='ocrx_word' id='word_1_118' title='bbox 1509 2075 1569 2116; x_wconf 87' lang='lat' dir='ltr'>ex-</span> 
     </span>
     <span class='ocr_line' id='line_1_15' title="bbox 417 2151 1571 2239; baseline 0.003 -23"><span class='ocrx_word' id='word_1_119' title='bbox 417 2152 570 2233; x_wconf 79' lang='lat' dir='ltr'>tendunt,</span> <span class='ocrx_word' id='word_1_120' title='bbox 600 2163 631 2216; x_wconf 93' lang='lat' dir='ltr'>et</span> <span class='ocrx_word' id='word_1_121' title='bbox 659 2155 705 2216; x_wconf 90' lang='lat' dir='ltr'>ita</span> <span class='ocrx_word' id='word_1_122' title='bbox 732 2151 849 2217; x_wconf 91' lang='lat' dir='ltr'>leniter</span> <span class='ocrx_word' id='word_1_123' title='bbox 870 2152 983 2216; x_wconf 88' lang='lat' dir='ltr'>levant</span> <span class='ocrx_word' id='word_1_124' title='bbox 1005 2175 1103 2217; x_wconf 88' lang='lat' dir='ltr'>onera</span> <span class='ocrx_word' id='word_1_125' title='bbox 1125 2154 1195 2218; x_wconf 90' lang='lat' dir='ltr'>sine</span> <span class='ocrx_word' id='word_1_126' title='bbox 1221 2152 1375 2239; x_wconf 84' lang='lat' dir='ltr'>periculo.</span> <span class='ocrx_word' id='word_1_127' title='bbox 1422 2153 1515 2239; x_wconf 91' lang='lat' dir='ltr'>quod</span> <span class='ocrx_word' id='word_1_128' title='bbox 1540 2157 1571 2219; x_wconf 89' lang='lat' dir='ltr'>si</span> 
     </span>
     <span class='ocr_line' id='line_1_16' title="bbox 370 2254 1652 2342; baseline 0.004 -24"><span class='ocrx_word' id='word_1_129' title='bbox 370 2256 520 2319; x_wconf 77' lang='lat' dir='ltr'>tamaius</span> <span class='ocrx_word' id='word_1_130' title='bbox 543 2264 735 2341; x_wconf 89' lang='lat' dir='ltr'>tympanum</span> <span class='ocrx_word' id='word_1_131' title='bbox 758 2254 961 2319; x_wconf 87' lang='lat' dir='ltr'>conlocatum</span> <span class='ocrx_word' id='word_1_132' title='bbox 983 2264 1039 2317; x_wconf 91' lang='lat' dir='ltr'>aut</span> <span class='ocrx_word' id='word_1_133' title='bbox 1061 2257 1095 2318; x_wconf 92' lang='lat' dir='ltr'>in</span> <span class='ocrx_word' id='word_1_134' title='bbox 1119 2254 1225 2319; x_wconf 91' lang='lat' dir='ltr'>medio</span> <span class='ocrx_word' id='word_1_135' title='bbox 1248 2256 1360 2319; x_wconf 91' lang='lat' dir='ltr'>autin</span> <span class='ocrx_word' id='word_1_136' title='bbox 1380 2277 1447 2319; x_wconf 89' lang='lat' dir='ltr'>una</span> <span class='ocrx_word' id='word_1_137' title='bbox 1471 2266 1571 2342; x_wconf 87' lang='lat' dir='ltr'>parte</span> <span class='ocrx_word' id='word_1_138' title='bbox 1646 2318 1652 2323; x_wconf 86' lang='lat'>.</span> 
     </span>
     <span class='ocr_line' id='line_1_17' title="bbox 417 2355 1570 2443; baseline 0.003 -26"><span class='ocrx_word' id='word_1_139' title='bbox 417 2366 564 2420; x_wconf 87' lang='lat' dir='ltr'>extrema</span> <span class='ocrx_word' id='word_1_140' title='bbox 591 2356 690 2420; x_wconf 92' lang='lat' dir='ltr'>fuerit</span> <span class='ocrx_word' id='word_1_141' title='bbox 718 2358 787 2420; x_wconf 87' lang='lat' dir='ltr'>siue</span> <span class='ocrx_word' id='word_1_142' title='bbox 816 2366 943 2441; x_wconf 81' lang='lat' dir='ltr'>ergata,</span> <span class='ocrx_word' id='word_1_143' title='bbox 974 2356 1136 2420; x_wconf 85' lang='lat' dir='ltr'>calcantes</span> <span class='ocrx_word' id='word_1_144' title='bbox 1164 2355 1310 2420; x_wconf 90' lang='lat' dir='ltr'>homines</span> <span class='ocrx_word' id='word_1_145' title='bbox 1339 2356 1570 2443; x_wconf 84' lang='lat' dir='ltr'>expeditiores</span> 
     </span>
     <span class='ocr_line' id='line_1_18' title="bbox 416 2457 1006 2545; baseline 0.002 -25"><span class='ocrx_word' id='word_1_146' title='bbox 416 2457 535 2521; x_wconf 88' lang='lat' dir='ltr'>habere</span> <span class='ocrx_word' id='word_1_147' title='bbox 557 2467 710 2545; x_wconf 89' lang='lat' dir='ltr'>poterunt</span> <span class='ocrx_word' id='word_1_148' title='bbox 733 2460 840 2544; x_wconf 90' lang='lat' dir='ltr'>operis</span> <span class='ocrx_word' id='word_1_149' title='bbox 863 2458 1006 2522; x_wconf 79' lang='lat' dir='ltr'>effectus</span> 
     </span>
     <span class='ocr_line' id='line_1_19' title="bbox 378 2559 1605 2644; baseline -0.002 -19"><span class='ocrx_word' id='word_1_150' title='bbox 378 2576 402 2625; x_wconf 86' lang='lat' dir='ltr'>V</span> <span class='ocrx_word' id='word_1_151' title='bbox 504 2559 565 2623; x_wconf 80' lang='lat' dir='ltr'>Est</span> <span class='ocrx_word' id='word_1_152' title='bbox 591 2570 700 2624; x_wconf 87' lang='lat' dir='ltr'>autem</span> <span class='ocrx_word' id='word_1_153' title='bbox 732 2559 821 2623; x_wconf 91' lang='lat' dir='ltr'>aliud</span> <span class='ocrx_word' id='word_1_154' title='bbox 848 2582 952 2644; x_wconf 89' lang='lat' dir='ltr'>genus</span> <span class='ocrx_word' id='word_1_155' title='bbox 980 2559 1150 2623; x_wconf 83' lang='lat' dir='ltr'>machinae</span> <span class='ocrx_word' id='word_1_156' title='bbox 1182 2562 1261 2624; x_wconf 90' lang='lat' dir='ltr'>satis</span> <span class='ocrx_word' id='word_1_157' title='bbox 1286 2560 1505 2625; x_wconf 89' lang='lat' dir='ltr'>artificiosum</span> <span class='ocrx_word' id='word_1_158' title='bbox 1532 2574 1605 2627; x_wconf 80' lang='lat' dir='ltr'>eta</span> 
     </span>
     <span class='ocr_line' id='line_1_20' title="bbox 416 2660 1569 2749; baseline 0.003 -25"><span class='ocrx_word' id='word_1_159' title='bbox 416 2660 458 2724; x_wconf 89' lang='lat' dir='ltr'>ad</span> <span class='ocrx_word' id='word_1_160' title='bbox 486 2684 580 2725; x_wconf 91' lang='lat' dir='ltr'>usum</span> <span class='ocrx_word' id='word_1_161' title='bbox 603 2660 778 2726; x_wconf 85' lang='lat' dir='ltr'>celeritatis</span> <span class='ocrx_word' id='word_1_162' title='bbox 808 2661 1012 2748; x_wconf 83' lang='lat' dir='ltr'>expeditum,</span> <span class='ocrx_word' id='word_1_163' title='bbox 1042 2660 1100 2725; x_wconf 87' lang='lat' dir='ltr'>sed</span> <span class='ocrx_word' id='word_1_164' title='bbox 1123 2663 1158 2724; x_wconf 94' lang='lat' dir='ltr'>in</span> <span class='ocrx_word' id='word_1_165' title='bbox 1180 2683 1217 2726; x_wconf 88' lang='lat' dir='ltr'>eo</span> <span class='ocrx_word' id='word_1_166' title='bbox 1240 2662 1318 2725; x_wconf 88' lang='lat' dir='ltr'>dare</span> <span class='ocrx_word' id='word_1_167' title='bbox 1341 2684 1476 2749; x_wconf 87' lang='lat' dir='ltr'>operam</span> <span class='ocrx_word' id='word_1_168' title='bbox 1499 2687 1569 2728; x_wconf 90' lang='lat' dir='ltr'>non</span> 
     </span>
     <span class='ocr_line' id='line_1_21' title="bbox 366 2762 1569 2849; baseline 0.002 -21"><span class='ocrx_word' id='word_1_169' title='bbox 366 2782 399 2829; x_wconf 82' lang='lat'>20</span> <span class='ocrx_word' id='word_1_170' title='bbox 417 2771 553 2849; x_wconf 89' lang='lat' dir='ltr'>possunt</span> <span class='ocrx_word' id='word_1_171' title='bbox 575 2764 640 2827; x_wconf 89' lang='lat' dir='ltr'>nisi</span> <span class='ocrx_word' id='word_1_172' title='bbox 663 2762 770 2849; x_wconf 86' lang='lat' dir='ltr'>peiiti.</span> <span class='ocrx_word' id='word_1_173' title='bbox 809 2772 857 2828; x_wconf 87' lang='lat' dir='ltr'>est</span> <span class='ocrx_word' id='word_1_174' title='bbox 881 2764 968 2827; x_wconf 90' lang='lat' dir='ltr'>enim</span> <span class='ocrx_word' id='word_1_175' title='bbox 983 2765 1110 2849; x_wconf 89' lang='lat' dir='ltr'>tignum</span> <span class='ocrx_word' id='word_1_176' title='bbox 1125 2762 1213 2849; x_wconf 88' lang='lat' dir='ltr'>quod</span> <span class='ocrx_word' id='word_1_177' title='bbox 1229 2765 1366 2849; x_wconf 86' lang='lat' dir='ltr'>erigitur</span> <span class='ocrx_word' id='word_1_178' title='bbox 1382 2773 1413 2828; x_wconf 90' lang='lat' dir='ltr'>et</span> <span class='ocrx_word' id='word_1_179' title='bbox 1437 2764 1569 2831; x_wconf 87' lang='lat' dir='ltr'>disten·</span> 
     </span>
    </p>
   </div>
   <div class='ocr_carea' id='block_1_3' title="bbox 366 2862 1631 3457">
    <p class='ocr_par' dir='ltr' id='par_1_4' title="bbox 366 2862 1631 3457">
     <span class='ocr_line' id='line_1_22' title="bbox 418 2862 1631 2952; baseline 0.007 -26"><span class='ocrx_word' id='word_1_180' title='bbox 418 2863 508 2926; x_wconf 87' lang='lat' dir='ltr'>ditur</span> <span class='ocrx_word' id='word_1_181' title='bbox 530 2864 718 2928; x_wconf 84' lang='lat' dir='ltr'>retinaculis</span> <span class='ocrx_word' id='word_1_182' title='bbox 748 2865 995 2952; x_wconf 81' lang='lat' dir='ltr'>quadrifariam.</span> <span class='ocrx_word' id='word_1_183' title='bbox 1031 2862 1091 2930; x_wconf 88' lang='lat' dir='ltr'>sub</span> <span class='ocrx_word' id='word_1_184' title='bbox 1114 2865 1302 2929; x_wconf 84' lang='lat' dir='ltr'>retinaculis</span> <span class='ocrx_word' id='word_1_185' title='bbox 1325 2865 1477 2930; x_wconf 90' lang='lat' dir='ltr'>chelonia</span> <span class='ocrx_word' id='word_1_186' title='bbox 1500 2868 1570 2934; x_wconf 91' lang='lat' dir='ltr'>duo</span> <span class='ocrx_word' id='word_1_187' title='bbox 1625 2945 1631 2949; x_wconf 27' lang='lat'>¹</span> 
     </span>
     <span class='ocr_line' id='line_1_23' title="bbox 417 2965 1572 3053; baseline 0.007 -27"><span class='ocrx_word' id='word_1_188' title='bbox 417 2965 572 3048; x_wconf 82' lang='lat' dir='ltr'>figuntur,</span> <span class='ocrx_word' id='word_1_189' title='bbox 595 2965 716 3031; x_wconf 86' lang='lat' dir='ltr'>troclea</span> <span class='ocrx_word' id='word_1_190' title='bbox 738 2966 872 3031; x_wconf 88' lang='lat' dir='ltr'>funibus</span> <span class='ocrx_word' id='word_1_191' title='bbox 887 2990 985 3053; x_wconf 89' lang='lat' dir='ltr'>supra</span> <span class='ocrx_word' id='word_1_192' title='bbox 1000 2967 1149 3032; x_wconf 89' lang='lat' dir='ltr'>chelonia</span> <span class='ocrx_word' id='word_1_193' title='bbox 1164 2966 1331 3052; x_wconf 83' lang='lat' dir='ltr'>religatur,</span> <span class='ocrx_word' id='word_1_194' title='bbox 1355 2968 1416 3033; x_wconf 85' lang='lat' dir='ltr'>sub</span> <span class='ocrx_word' id='word_1_195' title='bbox 1440 2969 1572 3035; x_wconf 90' lang='lat' dir='ltr'>troclea</span> 
     </span>
     <span class='ocr_line' id='line_1_24' title="bbox 416 3065 1572 3155; baseline 0.008 -27"><span class='ocrx_word' id='word_1_196' title='bbox 416 3065 531 3151; x_wconf 87' lang='lat' dir='ltr'>regula</span> <span class='ocrx_word' id='word_1_197' title='bbox 558 3065 656 3152; x_wconf 88' lang='lat' dir='ltr'>longa</span> <span class='ocrx_word' id='word_1_198' title='bbox 684 3069 814 3133; x_wconf 89' lang='lat' dir='ltr'>circiter</span> <span class='ocrx_word' id='word_1_199' title='bbox 842 3069 942 3155; x_wconf 90' lang='lat' dir='ltr'>pedes</span> <span class='ocrx_word' id='word_1_200' title='bbox 971 3068 1067 3150; x_wconf 84' lang='lat' dir='ltr'>dues,</span> <span class='ocrx_word' id='word_1_201' title='bbox 1103 3067 1168 3132; x_wconf 91' lang='lat' dir='ltr'>lata</span> <span class='ocrx_word' id='word_1_202' title='bbox 1196 3068 1317 3153; x_wconf 88' lang='lat' dir='ltr'>digitos</span> <span class='ocrx_word' id='word_1_203' title='bbox 1345 3092 1421 3152; x_wconf 80' lang='lat' dir='ltr'>sex,</span> <span class='ocrx_word' id='word_1_204' title='bbox 1453 3094 1572 3137; x_wconf 89' lang='lat' dir='ltr'>crassa</span> 
     </span>
     <span class='ocr_line' id='line_1_25' title="bbox 418 3169 1571 3256; baseline 0.005 -24"><span class='ocrx_word' id='word_1_205' title='bbox 418 3177 569 3254; x_wconf 90' lang='lat' dir='ltr'>quattuor</span> <span class='ocrx_word' id='word_1_206' title='bbox 592 3171 795 3256; x_wconf 86' lang='lat' dir='ltr'>supponitur.</span> <span class='ocrx_word' id='word_1_207' title='bbox 840 3169 980 3234; x_wconf 90' lang='lat' dir='ltr'>trocleae</span> <span class='ocrx_word' id='word_1_208' title='bbox 1001 3180 1111 3234; x_wconf 89' lang='lat' dir='ltr'>ternos</span> <span class='ocrx_word' id='word_1_209' title='bbox 1133 3169 1262 3234; x_wconf 88' lang='lat' dir='ltr'>ordines</span> <span class='ocrx_word' id='word_1_210' title='bbox 1286 3170 1509 3236; x_wconf 88' lang='lat' dir='ltr'>orbiculorum</span> <span class='ocrx_word' id='word_1_211' title='bbox 1534 3175 1571 3239; x_wconf 91' lang='lat' dir='ltr'>iu</span> 
     </span>
     <span class='ocr_line' id='line_1_26' title="bbox 366 3269 1571 3358; baseline 0.006 -26"><span class='ocrx_word' id='word_1_212' title='bbox 366 3287 399 3333; x_wconf 79' lang='lat'>25</span> <span class='ocrx_word' id='word_1_213' title='bbox 417 3269 591 3334; x_wconf 84' lang='lat' dir='ltr'>latitudine</span> <span class='ocrx_word' id='word_1_214' title='bbox 619 3271 776 3335; x_wconf 89' lang='lat' dir='ltr'>habentes</span> <span class='ocrx_word' id='word_1_215' title='bbox 805 3271 1024 3336; x_wconf 85' lang='lat' dir='ltr'>conlocantur.</span> <span class='ocrx_word' id='word_1_216' title='bbox 1077 3274 1124 3336; x_wconf 90' lang='lat' dir='ltr'>ita</span> <span class='ocrx_word' id='word_1_217' title='bbox 1151 3281 1216 3335; x_wconf 89' lang='lat' dir='ltr'>tres</span> <span class='ocrx_word' id='word_1_218' title='bbox 1240 3271 1380 3336; x_wconf 89' lang='lat' dir='ltr'>ductarii</span> <span class='ocrx_word' id='word_1_219' title='bbox 1408 3273 1509 3358; x_wconf 89' lang='lat' dir='ltr'>funes</span> <span class='ocrx_word' id='word_1_220' title='bbox 1534 3277 1571 3339; x_wconf 90' lang='lat' dir='ltr'>in</span> 
     </span>
     <span class='ocr_line' id='line_1_27' title="bbox 417 3370 1572 3457; baseline 0.01 -26"><span class='ocrx_word' id='word_1_221' title='bbox 417 3370 567 3434; x_wconf 89' lang='lat' dir='ltr'>machina</span> <span class='ocrx_word' id='word_1_222' title='bbox 589 3371 779 3457; x_wconf 82' lang='lat' dir='ltr'>religantur.</span> <span class='ocrx_word' id='word_1_223' title='bbox 824 3373 943 3437; x_wconf 91' lang='lat' dir='ltr'>deinde</span> <span class='ocrx_word' id='word_1_224' title='bbox 964 3373 1150 3437; x_wconf 83' lang='lat' dir='ltr'>referuntur</span> <span class='ocrx_word' id='word_1_225' title='bbox 1164 3373 1208 3437; x_wconf 89' lang='lat' dir='ltr'>ad</span> <span class='ocrx_word' id='word_1_226' title='bbox 1230 3375 1329 3438; x_wconf 89' lang='lat' dir='ltr'>imam</span> <span class='ocrx_word' id='word_1_227' title='bbox 1351 3373 1513 3439; x_wconf 89' lang='lat' dir='ltr'>trocleam</span> <span class='ocrx_word' id='word_1_228' title='bbox 1538 3387 1572 3442; x_wconf 88' lang='lat' dir='ltr'>et</span> 
     </span>
    </p>
   </div>
   <div class='ocr_carea' id='block_1_4' title="bbox 352 3627 1570 4796">
    <p class='ocr_par' dir='ltr' id='par_1_5' title="bbox 417 3627 1570 4202">
     <span class='ocr_line' id='line_1_28' title="bbox 487 3627 1568 3698; baseline 0.01 -23"><span class='ocrx_word' id='word_1_229' title='bbox 487 3629 500 3675; x_wconf 93' lang='lat'>1</span> <span class='ocrx_word' id='word_1_230' title='bbox 519 3627 659 3677; x_wconf 88' lang='lat' dir='ltr'>inferioris</span> <span class='ocrx_word' id='word_1_231' title='bbox 679 3629 700 3677; x_wconf 99' lang='lat' dir='ltr'><em>G</em></span> <span class='ocrx_word' id='word_1_232' title='bbox 719 3628 777 3692; x_wconf 80' lang='lat' dir='ltr'>(le):</span> <span class='ocrx_word' id='word_1_233' title='bbox 795 3647 873 3681; x_wconf 88' lang='lat' dir='ltr'>-rcs</span> <span class='ocrx_word' id='word_1_234' title='bbox 892 3631 923 3679; x_wconf 89' lang='lat' dir='ltr'><em>H</em></span> <span class='ocrx_word' id='word_1_235' title='bbox 938 3628 996 3695; x_wconf 85' lang='lat' dir='ltr'>(L).</span> <span class='ocrx_word' id='word_1_236' title='bbox 1015 3627 1026 3696; x_wconf 77' lang='lat' dir='ltr'>ll</span> <span class='ocrx_word' id='word_1_237' title='bbox 1042 3633 1058 3680; x_wconf 88' lang='grc'>4</span> <span class='ocrx_word' id='word_1_238' title='bbox 1075 3646 1165 3695; x_wconf 84' lang='lat' dir='ltr'>neque</span> <span class='ocrx_word' id='word_1_239' title='bbox 1178 3632 1206 3680; x_wconf 89' lang='lat' dir='ltr'>in</span> <span class='ocrx_word' id='word_1_240' title='bbox 1220 3631 1343 3682; x_wconf 84' lang='lat' dir='ltr'>dextram</span> <span class='ocrx_word' id='word_1_241' title='bbox 1356 3647 1403 3684; x_wconf 88' lang='lat' dir='ltr'>em.</span> <span class='ocrx_word' id='word_1_242' title='bbox 1418 3633 1472 3683; x_wconf 87' lang='lat' dir='ltr'>GH</span> <span class='ocrx_word' id='word_1_243' title='bbox 1490 3634 1568 3698; x_wconf 80' lang='lat' dir='ltr'>(add.</span> 
     </span>
     <span class='ocr_line' id='line_1_29' title="bbox 417 3708 1569 3784; baseline 0.01 -26"><span class='ocrx_word' id='word_1_244' title='bbox 417 3709 495 3774; x_wconf 70' lang='lat' dir='ltr'>don).</span> <span class='ocrx_word' id='word_1_245' title='bbox 519 3708 531 3776; x_wconf 79' lang='grc' dir='ltr'>ΙΙ</span> <span class='ocrx_word' id='word_1_246' title='bbox 554 3713 568 3760; x_wconf 85' lang='grc'>7</span> <span class='ocrx_word' id='word_1_247' title='bbox 593 3713 747 3762; x_wconf 88' lang='lat' dir='ltr'>coiciuntur</span> <span class='ocrx_word' id='word_1_248' title='bbox 766 3715 799 3766; x_wconf 86' lang='lat' dir='ltr'>G:</span> <span class='ocrx_word' id='word_1_249' title='bbox 827 3715 1000 3765; x_wconf 86' lang='lat' dir='ltr'>coniciuntur</span> <span class='ocrx_word' id='word_1_250' title='bbox 1016 3716 1053 3764; x_wconf 84' lang='lat' dir='ltr'>&#39;H</span> <span class='ocrx_word' id='word_1_251' title='bbox 1072 3713 1152 3780; x_wconf 65' lang='lat' dir='ltr'>(Lac).</span> <span class='ocrx_word' id='word_1_252' title='bbox 1180 3712 1192 3782; x_wconf 79' lang='lat' dir='ltr'>ll</span> <span class='ocrx_word' id='word_1_253' title='bbox 1219 3718 1236 3766; x_wconf 83' lang='lat'>8</span> <span class='ocrx_word' id='word_1_254' title='bbox 1258 3716 1355 3766; x_wconf 86' lang='lat' dir='ltr'>dextra</span> <span class='ocrx_word' id='word_1_255' title='bbox 1378 3717 1496 3769; x_wconf 84' lang='lat' dir='ltr'>sinistra</span> <span class='ocrx_word' id='word_1_256' title='bbox 1521 3718 1569 3784; x_wconf 81' lang='lat' dir='ltr'>(ac</span> 
     </span>
     <span class='ocr_line' id='line_1_30' title="bbox 418 3796 1570 3866; baseline 0.01 -23"><span class='ocrx_word' id='word_1_257' title='bbox 418 3797 479 3848; x_wconf 81' lang='lat' dir='ltr'>add.</span> <span class='ocrx_word' id='word_1_258' title='bbox 498 3797 566 3855; x_wconf 77' lang='lat' dir='ltr'>Joc,</span> <span class='ocrx_word' id='word_1_259' title='bbox 590 3800 648 3847; x_wconf 81' lang='lat' dir='ltr'>item</span> <span class='ocrx_word' id='word_1_260' title='bbox 664 3815 686 3848; x_wconf 84' lang='grc' dir='ltr'>υ.</span> <span class='ocrx_word' id='word_1_261' title='bbox 708 3800 749 3860; x_wconf 84' lang='grc'>10)</span> <span class='ocrx_word' id='word_1_262' title='bbox 769 3799 804 3848; x_wconf 89' lang='lat' dir='ltr'>ad</span> <span class='ocrx_word' id='word_1_263' title='bbox 824 3797 864 3862; x_wconf 90' lang='lat' dir='ltr'>(et</span> <span class='ocrx_word' id='word_1_264' title='bbox 884 3801 916 3849; x_wconf 87' lang='lat' dir='ltr'>ad</span> <span class='ocrx_word' id='word_1_265' title='bbox 936 3799 993 3864; x_wconf 77' lang='lat' dir='ltr'>epo)</span> <span class='ocrx_word' id='word_1_266' title='bbox 1020 3801 1077 3850; x_wconf 90' lang='lat' dir='ltr'>GH.</span> <span class='ocrx_word' id='word_1_267' title='bbox 1100 3796 1112 3866; x_wconf 76' lang='lat' dir='ltr'>ll</span> <span class='ocrx_word' id='word_1_268' title='bbox 1135 3803 1151 3850; x_wconf 85' lang='grc'>9</span> <span class='ocrx_word' id='word_1_269' title='bbox 1174 3816 1292 3851; x_wconf 83' lang='lat' dir='ltr'>summos</span> <span class='ocrx_word' id='word_1_270' title='bbox 1314 3801 1431 3850; x_wconf 87' lang='lat' dir='ltr'>redeunt</span> <span class='ocrx_word' id='word_1_271' title='bbox 1453 3804 1570 3854; x_wconf 84' lang='lat' dir='ltr'>traiecti</span> 
     </span>
     <span class='ocr_line' id='line_1_31' title="bbox 418 3879 1568 3954; baseline 0.009 -26"><span class='ocrx_word' id='word_1_272' title='bbox 418 3884 509 3929; x_wconf 88' lang='lat' dir='ltr'>autem</span> <span class='ocrx_word' id='word_1_273' title='bbox 530 3881 584 3932; x_wconf 91' lang='lat' dir='ltr'>GH</span> <span class='ocrx_word' id='word_1_274' title='bbox 599 3879 726 3942; x_wconf 88' lang='lat' dir='ltr'>(redeunt</span> <span class='ocrx_word' id='word_1_275' title='bbox 744 3886 793 3934; x_wconf 82' lang='lat' dir='ltr'>del.</span> <span class='ocrx_word' id='word_1_276' title='bbox 811 3887 876 3944; x_wconf 68' lang='lat' dir='ltr'>doc,</span> <span class='ocrx_word' id='word_1_277' title='bbox 897 3885 1016 3935; x_wconf 84' lang='lat' dir='ltr'>traiecta</span> <span class='ocrx_word' id='word_1_278' title='bbox 1033 3901 1083 3937; x_wconf 79' lang='lat' dir='ltr'>scr.</span> <span class='ocrx_word' id='word_1_279' title='bbox 1098 3884 1198 3947; x_wconf 71' lang='lat' dir='ltr'>Sota).</span> <span class='ocrx_word' id='word_1_280' title='bbox 1210 3881 1222 3951; x_wconf 86' lang='grc' dir='ltr'>ΙΙ</span> <span class='ocrx_word' id='word_1_281' title='bbox 1239 3888 1270 3936; x_wconf 86' lang='grc'>10</span> <span class='ocrx_word' id='word_1_282' title='bbox 1290 3886 1426 3937; x_wconf 85' lang='lat' dir='ltr'>exteriore</span> <span class='ocrx_word' id='word_1_283' title='bbox 1446 3888 1477 3936; x_wconf 90' lang='lat' dir='ltr'><em>H</em></span> <span class='ocrx_word' id='word_1_284' title='bbox 1495 3887 1568 3954; x_wconf 85' lang='lat' dir='ltr'>(Lt):</span> 
     </span>
     <span class='ocr_line' id='line_1_32' title="bbox 418 3966 1570 4036; baseline 0.009 -22"><span class='ocrx_word' id='word_1_285' title='bbox 418 3967 492 4014; x_wconf 79' lang='lat' dir='ltr'>——ori</span> <span class='ocrx_word' id='word_1_286' title='bbox 512 3967 534 4015; x_wconf 93' lang='lat' dir='ltr'><em>G</em></span> <span class='ocrx_word' id='word_1_287' title='bbox 553 3967 601 4031; x_wconf 81' lang='lat' dir='ltr'>(eh,</span> <span class='ocrx_word' id='word_1_288' title='bbox 621 3974 648 4017; x_wconf 82' lang='lat' dir='ltr'>nt</span> <span class='ocrx_word' id='word_1_289' title='bbox 660 3968 690 4017; x_wconf 80' lang='lat' dir='ltr'>ct</span> <span class='ocrx_word' id='word_1_290' title='bbox 708 3970 782 4017; x_wconf 80' lang='lat' dir='ltr'>etiam</span> <span class='ocrx_word' id='word_1_291' title='bbox 800 3986 821 4017; x_wconf 86' lang='lat' dir='ltr'>v.</span> <span class='ocrx_word' id='word_1_292' title='bbox 841 3973 856 4018; x_wconf 80' lang='lat'><strong><em>⁶</em></strong></span> <span class='ocrx_word' id='word_1_293' title='bbox 874 3976 900 4018; x_wconf 81' lang='lat' dir='ltr'>et</span> <span class='ocrx_word' id='word_1_294' title='bbox 917 3969 1042 4018; x_wconf 86' lang='lat' dir='ltr'>interiori</span> <span class='ocrx_word' id='word_1_295' title='bbox 1060 3987 1082 4018; x_wconf 87' lang='lat' dir='ltr'>v.</span> <span class='ocrx_word' id='word_1_296' title='bbox 1101 3973 1117 4019; x_wconf 84' lang='lat'><em>8</em></span> <span class='ocrx_word' id='word_1_297' title='bbox 1136 3977 1198 4032; x_wconf 84' lang='lat' dir='ltr'>etp.</span> <span class='ocrx_word' id='word_1_298' title='bbox 1212 3969 1320 4034; x_wconf 78' lang='lat'>249,1).</span> <span class='ocrx_word' id='word_1_299' title='bbox 1337 3966 1349 4036; x_wconf 88' lang='grc' dir='ltr'>ΙΙ</span> <span class='ocrx_word' id='word_1_300' title='bbox 1364 3970 1496 4023; x_wconf 85' lang='lat' dir='ltr'>feruntur</span> <span class='ocrx_word' id='word_1_301' title='bbox 1517 3975 1570 4024; x_wconf 89' lang='lat' dir='ltr'>GH</span> 
     </span>
     <span class='ocr_line' id='line_1_33' title="bbox 419 4048 1567 4119; baseline 0.008 -21"><span class='ocrx_word' id='word_1_302' title='bbox 419 4049 587 4106; x_wconf 81' lang='lat' dir='ltr'>(referuntur</span> <span class='ocrx_word' id='word_1_303' title='bbox 604 4052 683 4114; x_wconf 72' lang='lat' dir='ltr'>lea).</span> <span class='ocrx_word' id='word_1_304' title='bbox 707 4048 719 4118; x_wconf 77' lang='lat' dir='ltr'>ll</span> <span class='ocrx_word' id='word_1_305' title='bbox 744 4055 774 4100; x_wconf 79' lang='lat'>12</span> <span class='ocrx_word' id='word_1_306' title='bbox 793 4057 821 4102; x_wconf 89' lang='lat' dir='ltr'>et</span> <span class='ocrx_word' id='word_1_307' title='bbox 844 4054 868 4104; x_wconf 90' lang='lat' dir='ltr'>is</span> <span class='ocrx_word' id='word_1_308' title='bbox 893 4053 945 4116; x_wconf 82' lang='lat' dir='ltr'>(his</span> <span class='ocrx_word' id='word_1_309' title='bbox 963 4052 1051 4117; x_wconf 81' lang='lat' dir='ltr'>HLIe)</span> <span class='ocrx_word' id='word_1_310' title='bbox 1076 4053 1151 4102; x_wconf 79' lang='lat' dir='ltr'>circii</span> <span class='ocrx_word' id='word_1_311' title='bbox 1176 4056 1275 4102; x_wconf 83' lang='lat' dir='ltr'>auctus</span> <span class='ocrx_word' id='word_1_312' title='bbox 1298 4055 1458 4119; x_wconf 82' lang='lat' dir='ltr'>tympanum</span> <span class='ocrx_word' id='word_1_313' title='bbox 1482 4055 1567 4117; x_wconf 75' lang='lat' dir='ltr'>(—ni1</span> 
     </span>
     <span class='ocr_line' id='line_1_34' title="bbox 420 4132 1570 4202; baseline 0.01 -20"><span class='ocrx_word' id='word_1_314' title='bbox 420 4135 451 4195; x_wconf 90' lang='lat' dir='ltr'>G)</span> <span class='ocrx_word' id='word_1_315' title='bbox 476 4140 504 4184; x_wconf 88' lang='lat' dir='ltr'>et</span> <span class='ocrx_word' id='word_1_316' title='bbox 521 4151 600 4186; x_wconf 84' lang='lat' dir='ltr'>axem</span> <span class='ocrx_word' id='word_1_317' title='bbox 625 4135 684 4199; x_wconf 76' lang='lat' dir='ltr'>(-e</span> <span class='ocrx_word' id='word_1_318' title='bbox 704 4138 735 4199; x_wconf 87' lang='lat' dir='ltr'>G)</span> <span class='ocrx_word' id='word_1_319' title='bbox 759 4152 794 4186; x_wconf 88' lang='lat' dir='ltr'>se·</span> <span class='ocrx_word' id='word_1_320' title='bbox 807 4138 974 4188; x_wconf 86' lang='lat' dir='ltr'>involvendo</span> <span class='ocrx_word' id='word_1_321' title='bbox 991 4138 1095 4202; x_wconf 87' lang='lat' dir='ltr'>pariter</span> <span class='ocrx_word' id='word_1_322' title='bbox 1114 4139 1266 4187; x_wconf 83' lang='lat' dir='ltr'>extendunt</span> <span class='ocrx_word' id='word_1_323' title='bbox 1284 4138 1338 4189; x_wconf 88' lang='lat' dir='ltr'>GH</span> <span class='ocrx_word' id='word_1_324' title='bbox 1353 4138 1393 4202; x_wconf 86' lang='lat' dir='ltr'>(et</span> <span class='ocrx_word' id='word_1_325' title='bbox 1410 4132 1570 4192; x_wconf 72' lang='lat' dir='ltr'>incircum-</span> 
     </span>
    </p>

    <p class='ocr_par' dir='ltr' id='par_1_6' title="bbox 396 4222 1568 4374">
     <span class='ocr_line' id='line_1_35' title="bbox 396 4222 1568 4290; baseline 0.009 -25"><span class='ocrx_word' id='word_1_326' title='bbox 396 4243 398 4247; x_wconf 94' lang='lat'>·</span> <span class='ocrx_word' id='word_1_327' title='bbox 419 4222 498 4267; x_wconf 83' lang='lat' dir='ltr'>actus</span> <span class='ocrx_word' id='word_1_328' title='bbox 522 4225 681 4287; x_wconf 85' lang='lat' dir='ltr'>tympanum</span> <span class='ocrx_word' id='word_1_329' title='bbox 704 4225 732 4270; x_wconf 88' lang='lat' dir='ltr'>et</span> <span class='ocrx_word' id='word_1_330' title='bbox 755 4237 834 4270; x_wconf 84' lang='lat' dir='ltr'>axem</span> <span class='ocrx_word' id='word_1_331' title='bbox 853 4227 959 4278; x_wconf 87' lang='lat' dir='ltr'>versat,</span> <span class='ocrx_word' id='word_1_332' title='bbox 986 4223 1067 4271; x_wconf 88' lang='lat' dir='ltr'>funes</span> <span class='ocrx_word' id='word_1_333' title='bbox 1091 4223 1193 4272; x_wconf 89' lang='lat' dir='ltr'>circum</span> <span class='ocrx_word' id='word_1_334' title='bbox 1220 4239 1299 4273; x_wconf 82' lang='lat' dir='ltr'>axem</span> <span class='ocrx_word' id='word_1_335' title='bbox 1321 4239 1350 4272; x_wconf 90' lang='lat' dir='ltr'>se</span> <span class='ocrx_word' id='word_1_336' title='bbox 1374 4224 1431 4274; x_wconf 88' lang='lat' dir='ltr'>inv.</span> <span class='ocrx_word' id='word_1_337' title='bbox 1455 4241 1482 4290; x_wconf 89' lang='lat' dir='ltr'>p.</span> <span class='ocrx_word' id='word_1_338' title='bbox 1512 4232 1568 4281; x_wconf 82' lang='lat' dir='ltr'>ext.</span> 
     </span>
     <span class='ocr_line' id='line_1_36' title="bbox 420 4302 1567 4374; baseline 0.011 -24"><span class='ocrx_word' id='word_1_339' title='bbox 420 4302 489 4352; x_wconf 81' lang='lat' dir='ltr'>Mar.</span> <span class='ocrx_word' id='word_1_340' title='bbox 513 4305 546 4367; x_wconf 77' lang='lat' dir='ltr'>ef.</span> <span class='ocrx_word' id='word_1_341' title='bbox 567 4304 646 4369; x_wconf 78' lang='lat' dir='ltr'>Jee).</span> <span class='ocrx_word' id='word_1_342' title='bbox 669 4302 681 4371; x_wconf 76' lang='lat' dir='ltr'>ll</span> <span class='ocrx_word' id='word_1_343' title='bbox 709 4307 740 4354; x_wconf 87' lang='grc'>16</span> <span class='ocrx_word' id='word_1_344' title='bbox 763 4306 861 4355; x_wconf 86' lang='lat' dir='ltr'>fuerit:</span> <span class='ocrx_word' id='word_1_345' title='bbox 889 4308 926 4354; x_wconf 81' lang='lat' dir='ltr'>rie</span> <span class='ocrx_word' id='word_1_346' title='bbox 946 4306 1003 4356; x_wconf 89' lang='lat' dir='ltr'>GH.</span> <span class='ocrx_word' id='word_1_347' title='bbox 1033 4303 1045 4371; x_wconf 80' lang='grc' dir='ltr'>ΙΙ</span> <span class='ocrx_word' id='word_1_348' title='bbox 1071 4311 1165 4371; x_wconf 79' lang='lat' dir='ltr'>ergata</span> <span class='ocrx_word' id='word_1_349' title='bbox 1183 4310 1214 4357; x_wconf 88' lang='lat' dir='ltr'>Ic.</span> <span class='ocrx_word' id='word_1_350' title='bbox 1242 4305 1254 4374; x_wconf 83' lang='grc' dir='ltr'>ΙΙ</span> <span class='ocrx_word' id='word_1_351' title='bbox 1282 4307 1467 4372; x_wconf 83' lang='lat' dir='ltr'>expeditiores</span> <span class='ocrx_word' id='word_1_352' title='bbox 1494 4311 1567 4363; x_wconf 67' lang='lat' dir='ltr'>Lea:</span> 
     </span>
    </p>

    <p class='ocr_par' dir='ltr' id='par_1_7' title="bbox 352 4381 1570 4796">
     <span class='ocr_line' id='line_1_37' title="bbox 352 4381 1568 4457; baseline 0.009 -22"><span class='ocrx_word' id='word_1_353' title='bbox 352 4431 354 4435; x_wconf 91' lang='lat'>.</span> <span class='ocrx_word' id='word_1_354' title='bbox 419 4381 527 4437; x_wconf 75' lang='lat' dir='ltr'>-tor&#39;es</span> <span class='ocrx_word' id='word_1_355' title='bbox 543 4388 593 4437; x_wconf 93' lang='lat' dir='ltr'>GH</span> <span class='ocrx_word' id='word_1_356' title='bbox 612 4386 668 4454; x_wconf 84' lang='lat' dir='ltr'>(L).</span> <span class='ocrx_word' id='word_1_357' title='bbox 691 4387 702 4457; x_wconf 78' lang='lat' dir='ltr'>ll</span> <span class='ocrx_word' id='word_1_358' title='bbox 726 4393 756 4441; x_wconf 83' lang='grc'>17</span> <span class='ocrx_word' id='word_1_359' title='bbox 776 4394 906 4455; x_wconf 86' lang='lat' dir='ltr'>poterunt</span> <span class='ocrx_word' id='word_1_360' title='bbox 924 4391 1008 4440; x_wconf 72' lang='lat' dir='ltr'>Mau:</span> <span class='ocrx_word' id='word_1_361' title='bbox 1032 4392 1133 4455; x_wconf 87' lang='lat' dir='ltr'>peterit</span> <span class='ocrx_word' id='word_1_362' title='bbox 1157 4391 1216 4442; x_wconf 90' lang='lat' dir='ltr'>GH.</span> <span class='ocrx_word' id='word_1_363' title='bbox 1240 4389 1252 4457; x_wconf 82' lang='grc' dir='ltr'>ΙΙ</span> <span class='ocrx_word' id='word_1_364' title='bbox 1274 4394 1308 4442; x_wconf 75' lang='lat'>20</span> <span class='ocrx_word' id='word_1_365' title='bbox 1325 4390 1497 4443; x_wconf 77' lang='lat' dir='ltr'>distenditur</span> <span class='ocrx_word' id='word_1_366' title='bbox 1517 4396 1568 4446; x_wconf 91' lang='lat' dir='ltr'>GH</span> 
     </span>
     <span class='ocr_line' id='line_1_38' title="bbox 421 4466 1569 4543; baseline 0.01 -24"><span class='ocrx_word' id='word_1_367' title='bbox 421 4470 580 4529; x_wconf 88' lang='lat' dir='ltr'>(distinetur</span> <span class='ocrx_word' id='word_1_368' title='bbox 597 4473 673 4540; x_wconf 72' lang='lat' dir='ltr'>dea).</span> <span class='ocrx_word' id='word_1_369' title='bbox 697 4471 709 4541; x_wconf 76' lang='lat' dir='ltr'>ll</span> <span class='ocrx_word' id='word_1_370' title='bbox 732 4477 763 4524; x_wconf 81' lang='lat'>21</span> <span class='ocrx_word' id='word_1_371' title='bbox 783 4475 832 4525; x_wconf 87' lang='lat' dir='ltr'>sub</span> <span class='ocrx_word' id='word_1_372' title='bbox 852 4475 1015 4526; x_wconf 86' lang='lat' dir='ltr'>retinaculis</span> <span class='ocrx_word' id='word_1_373' title='bbox 1032 4477 1103 4524; x_wconf 71' lang='lat' dir='ltr'>doc:</span> <span class='ocrx_word' id='word_1_374' title='bbox 1124 4475 1183 4524; x_wconf 90' lang='lat' dir='ltr'>-le</span> <span class='ocrx_word' id='word_1_375' title='bbox 1197 4477 1255 4525; x_wconf 87' lang='lat' dir='ltr'>GH.</span> <span class='ocrx_word' id='word_1_376' title='bbox 1273 4472 1284 4541; x_wconf 84' lang='grc' dir='ltr'>ΙΙ</span> <span class='ocrx_word' id='word_1_377' title='bbox 1302 4466 1411 4527; x_wconf 70' lang='lat' dir='ltr'>celenis</span> <span class='ocrx_word' id='word_1_378' title='bbox 1425 4477 1479 4527; x_wconf 88' lang='lat' dir='ltr'>GH</span> <span class='ocrx_word' id='word_1_379' title='bbox 1498 4477 1569 4543; x_wconf 82' lang='lat' dir='ltr'>(item</span> 
     </span>
     <span class='ocr_line' id='line_1_39' title="bbox 421 4552 1567 4626; baseline 0.008 -23"><span class='ocrx_word' id='word_1_380' title='bbox 421 4554 474 4618; x_wconf 69' lang='lat'>22).</span> <span class='ocrx_word' id='word_1_381' title='bbox 499 4552 510 4621; x_wconf 81' lang='grc' dir='ltr'>Η</span> <span class='ocrx_word' id='word_1_382' title='bbox 533 4559 565 4606; x_wconf 76' lang='lat'>22</span> <span class='ocrx_word' id='word_1_383' title='bbox 585 4558 784 4609; x_wconf 68' lang='lat' dir='ltr'>anthusae:</span> <span class='ocrx_word' id='word_1_384' title='bbox 812 4560 886 4609; x_wconf 88' lang='lat' dir='ltr'>funis</span> <span class='ocrx_word' id='word_1_385' title='bbox 906 4560 964 4611; x_wconf 91' lang='lat' dir='ltr'>GH.</span> <span class='ocrx_word' id='word_1_386' title='bbox 987 4555 999 4620; x_wconf 83' lang='lat' dir='ltr'>ll</span> <span class='ocrx_word' id='word_1_387' title='bbox 1022 4559 1129 4610; x_wconf 87' lang='lat' dir='ltr'>troclea</span> <span class='ocrx_word' id='word_1_388' title='bbox 1147 4559 1259 4624; x_wconf 76' lang='lat' dir='ltr'>uregula</span> <span class='ocrx_word' id='word_1_389' title='bbox 1279 4561 1332 4610; x_wconf 89' lang='lat' dir='ltr'>GH</span> <span class='ocrx_word' id='word_1_390' title='bbox 1347 4559 1376 4622; x_wconf 88' lang='lat' dir='ltr'>(a</span> <span class='ocrx_word' id='word_1_391' title='bbox 1394 4561 1446 4611; x_wconf 81' lang='lat' dir='ltr'>del.</span> <span class='ocrx_word' id='word_1_392' title='bbox 1465 4562 1532 4624; x_wconf 71' lang='lat' dir='ltr'>ed).</span> <span class='ocrx_word' id='word_1_393' title='bbox 1555 4600 1567 4626; x_wconf 21' lang='grc' dir='ltr'>,η</span> 
     </span>
     <span class='ocr_line' id='line_1_40' title="bbox 390 4640 1570 4710; baseline 0.01 -25"><span class='ocrx_word' id='word_1_394' title='bbox 390 4640 453 4686; x_wconf 78' lang='lat'>·24</span> <span class='ocrx_word' id='word_1_395' title='bbox 472 4644 600 4702; x_wconf 86' lang='lat' dir='ltr'>quattuor</span> <span class='ocrx_word' id='word_1_396' title='bbox 622 4643 652 4692; x_wconf 89' lang='lat' dir='ltr'><em>H</em></span> <span class='ocrx_word' id='word_1_397' title='bbox 673 4641 757 4705; x_wconf 73' lang='lat' dir='ltr'>(Llclr</span> <span class='ocrx_word' id='word_1_398' title='bbox 785 4643 902 4694; x_wconf 76' lang='lat' dir='ltr'>IIILG.</span> <span class='ocrx_word' id='word_1_399' title='bbox 926 4641 938 4710; x_wconf 76' lang='lat' dir='ltr'>ll</span> <span class='ocrx_word' id='word_1_400' title='bbox 967 4646 1000 4693; x_wconf 79' lang='lat'>25</span> <span class='ocrx_word' id='word_1_401' title='bbox 1022 4643 1180 4695; x_wconf 83' lang='lat' dir='ltr'>latitudine:</span> <span class='ocrx_word' id='word_1_402' title='bbox 1206 4645 1245 4693; x_wconf 79' lang='lat' dir='ltr'>aie</span> <span class='ocrx_word' id='word_1_403' title='bbox 1268 4644 1327 4694; x_wconf 89' lang='lat' dir='ltr'>GH.</span> <span class='ocrx_word' id='word_1_404' title='bbox 1350 4640 1362 4710; x_wconf 82' lang='grc' dir='ltr'>ΙΙ</span> <span class='ocrx_word' id='word_1_405' title='bbox 1390 4645 1434 4693; x_wconf 83' lang='lat' dir='ltr'>ita</span> <span class='ocrx_word' id='word_1_406' title='bbox 1457 4651 1517 4696; x_wconf 84' lang='lat' dir='ltr'>tres</span> <span class='ocrx_word' id='word_1_407' title='bbox 1540 4647 1570 4696; x_wconf 91' lang='lat' dir='ltr'><em>H</em></span> 
     </span>
     <span class='ocr_line' id='line_1_41' title="bbox 422 4720 1570 4796; baseline 0.012 -26"><span class='ocrx_word' id='word_1_408' title='bbox 422 4720 505 4783; x_wconf 80' lang='lat' dir='ltr'>(Lle):</span> <span class='ocrx_word' id='word_1_409' title='bbox 525 4724 565 4772; x_wconf 84' lang='lat' dir='ltr'>ita</span> <span class='ocrx_word' id='word_1_410' title='bbox 578 4725 653 4776; x_wconf 86' lang='lat'>.1111.</span> <span class='ocrx_word' id='word_1_411' title='bbox 667 4725 695 4774; x_wconf 91' lang='lat' dir='ltr'>G.</span> <span class='ocrx_word' id='word_1_412' title='bbox 713 4722 724 4792; x_wconf 77' lang='lat' dir='ltr'>ll</span> <span class='ocrx_word' id='word_1_413' title='bbox 742 4729 772 4778; x_wconf 90' lang='lat' dir='ltr'>in</span> <span class='ocrx_word' id='word_1_414' title='bbox 789 4728 931 4778; x_wconf 85' lang='lat' dir='ltr'>maehina:</span> <span class='ocrx_word' id='word_1_415' title='bbox 950 4731 988 4779; x_wconf 82' lang='lat' dir='ltr'>stc</span> <span class='ocrx_word' id='word_1_416' title='bbox 1007 4729 1061 4779; x_wconf 89' lang='lat' dir='ltr'>GH</span> <span class='ocrx_word' id='word_1_417' title='bbox 1076 4725 1104 4792; x_wconf 75' lang='lat' dir='ltr'>(i.</span> <span class='ocrx_word' id='word_1_418' title='bbox 1118 4745 1140 4778; x_wconf 90' lang='lat' dir='ltr'>e.</span> <span class='ocrx_word' id='word_1_419' title='bbox 1159 4730 1188 4778; x_wconf 91' lang='lat' dir='ltr'>in</span> <span class='ocrx_word' id='word_1_420' title='bbox 1206 4743 1310 4779; x_wconf 85' lang='lat' dir='ltr'>summo</span> <span class='ocrx_word' id='word_1_421' title='bbox 1328 4728 1476 4781; x_wconf 82' lang='lat' dir='ltr'>machinae</span> <span class='ocrx_word' id='word_1_422' title='bbox 1488 4731 1570 4796; x_wconf 75' lang='lat' dir='ltr'>dna).</span> 
     </span>
    </p>
   </div>
   <div class='ocr_carea' id='block_1_5' title="bbox 0 0 1918 5625">
    <p class='ocr_par' dir='ltr' id='par_1_8' title="bbox 0 0 1918 5625">
     <span class='ocr_line' id='line_1_42' title="bbox 0 0 1918 5625; baseline 0 0"><span class='ocrx_word' id='word_1_423' title='bbox 0 0 1918 5625; x_wconf 95' lang='lat' dir='ltr'> </span> 
     </span>
    </p>
   </div>
  </div>
 </body>
</html>
