3784 5625
700 664 748 717 nn
770 665 1037 719 ARCHITECTURA
1061 669 1129 722 nm.
1153 669 1175 719 1.
1464 657 1507 725 29

348 821 387 887 Ἐ
410 832 442 886 et
464 835 494 885 F.
538 820 617 886 haec
639 821 725 886 linea
747 826 809 889 erit
830 822 932 889 index
958 824 1158 891 meridianae
1185 837 1217 890 et
1245 828 1507 914 septentrionalis

316 943 346 990 13
365 924 519 1008 regionis.
563 934 640 988 tune
663 927 784 990 circino
806 928 904 991 totius
927 914 1165 992 rotundationis
1189 928 1345 992 sumenda
1367 939 1507 1016 estpars

365 1026 468 1108 XVI,
498 1027 676 1113 circinique
704 1037 850 1092 centrum
873 1029 1059 1116 ponendum
1082 1040 1131 1095 est
1153 1032 1187 1093 in
1215 1030 1395 1094 meridiana
1421 1030 1508 1094 linea

365 1150 429 1213 qua
456 1128 563 1211 tangit
590 1128 851 1194 rotundationem
880 1130 938 1195 ubi
966 1140 1015 1195 est
1042 1131 1153 1195 littera
1179 1150 1217 1214 Ε,
1254 1142 1286 1195 et
1312 1132 1508 1216 signandum

365 1229 484 1293 dextra
511 1250 549 1293 ac
578 1231 712 1295 sinistra
739 1233 796 1295 ubi
825 1242 919 1297 erunt
948 1230 1077 1296 litterae
1099 1249 1122 1296 e
1142 1251 1177 1295 Η.
1221 1235 1300 1296 item
1322 1234 1357 1295 in
1379 1244 1541 1321 septen-5

363 1329 496 1395 trionali
524 1341 617 1416 parte
644 1342 790 1395 centrum
819 1334 933 1397 circini
961 1334 1147 1421 ponendum
1169 1336 1204 1397 in
1225 1333 1454 1398 rotundatione
1477 1343 1509 1396 et

364 1432 612 1520 septentrionali
638 1432 724 1516 linea
751 1434 809 1498 ubi
839 1444 888 1498 est
913 1434 1084 1519 litterar,
1113 1444 1145 1498 et
1167 1434 1363 1518 signandum
1392 1434 1509 1498 dextra

363 1555 402 1596 ac
426 1534 558 1598 sinistra
585 1534 642 1598 ubi
670 1544 746 1599 sunt
773 1534 902 1610 litterae
924 1554 937 1599 1
960 1546 994 1599 et
1015 1555 1055 1618 Κ,
1085 1546 1118 1599 et
1144 1536 1186 1599 ab
1209 1553 1233 1600 e
1254 1536 1297 1598 ad
1317 1553 1344 1599 Κ
1366 1546 1397 1599 et
1418 1536 1460 1601 ab
1482 1554 1508 1598 Η

363 1635 407 1698 ad
429 1654 442 1699 1
463 1657 521 1721 per
544 1646 690 1702 centrum
712 1635 817 1700 lineae
839 1636 1076 1724 perducendae.
1120 1638 1167 1701 ita
1188 1638 1274 1722 quod
1289 1639 1351 1725 erit
1366 1638 1507 1724 spatium

364 1736 407 1799 ab
430 1753 454 1800 e
475 1736 518 1800 ad
541 1755 581 1820 Η,
613 1739 675 1802 erit
703 1740 844 1825 spatium
872 1740 964 1803 venti
990 1740 1095 1803 austri
1118 1750 1150 1803 et
1166 1740 1275 1825 partis
1297 1737 1507 1821 meridianae,
1527 1757 1559 1804 10

365 1838 444 1901 item
467 1838 555 1925 quod
578 1841 639 1904 erit
662 1841 804 1928 spatium
826 1840 904 1903 ab‘1
926 1840 971 1903 ad
992 1858 1033 1923 Κ,
1063 1842 1125 1905 erit
1147 1841 1389 1928 septentrionis.
1432 1838 1507 1903 reli·
1551 1826 1558 1833 ’

365 1960 448 2025 quae
481 1949 590 2025 partes
626 1940 742 2005 dextra
774 1951 840 2007 tres
872 1964 911 2005 ac
939 1944 1074 2007 sinistra
1106 1952 1172 2008 tres
1206 1939 1405 2007 dividendae
1433 1950 1509 2005 sunt

363 2039 559 2127 aequaliter,
588 2064 670 2129 quae
692 2052 767 2108 sunt
787 2038 832 2107 ad
856 2045 1013 2109 orientem
1035 2046 1070 2111 in
1093 2045 1211 2133 quibus
1233 2043 1362 2108 litterae
1383 2061 1405 2106 Κ
1427 2060 1454 2106 Μ
1477 2051 1508 2104 et
1533 2050 1536 2055 '

364 2142 407 2205 ab
430 2142 600 2210 occidente
621 2146 656 2207 in
679 2145 797 2231 quibus
821 2156 897 2210 sunt
917 2145 1048 2211 litterae
1069 2166 1093 2210 Κ
1116 2157 1148 2211 et
1170 2164 1203 2211 o.
1252 2146 1293 2209 ab
1315 2163 1342 2209 M
1364 2144 1408 2207 ad
1431 2160 1452 2207 o
1476 2151 1508 2205 et

363 2244 406 2309 ab
428 2243 507 2307 Lad
521 2262 544 2308 N
566 2244 793 2331 perducendae
815 2256 890 2312 sunt
911 2234 1016 2311 lineae
1039 2249 1246 2313 decussatim.
1291 2256 1323 2310 et
1344 2247 1391 2308 ita
1414 2253 1508 2307 erunt
1527 2264 1558 2310 15

363 2345 545 2432 aequaliter
566 2357 737 2412 ventorum
766 2358 837 2413 octo
866 2351 972 2436 spatia
994 2351 1029 2413 in
1051 2349 1284 2413 circumitione.
1330 2368 1412 2432 quae
1434 2367 1507 2407 eum

364 2450 412 2512 ita
434 2448 599 2535 descripta
621 2460 725 2533 erunt,
748 2451 783 2513 in
805 2449 942 2535 singulis
965 2451 1094 2536 angulis
1117 2450 1268 2534 octagoni
1290 2470 1363 2511 curn
1377 2470 1398 2509 a
1411 2446 1507 2508 meri·

365 2550 420 2613 die
441 2549 635 2635 incipiemus
657 2551 743 2617 inter
766 2574 877 2618 eurum
901 2562 932 2617 et
955 2563 1102 2617 austrum
1123 2553 1159 2617 in
1179 2549 1298 2636 angulo
1322 2550 1383 2612 erit
1398 2547 1507 2611 littera

364 2670 399 2734 e,
422 2654 508 2716 inter
529 2662 674 2717 austrum
696 2662 729 2717 et
750 2653 888 2719 africum
908 2672 944 2736 Η,
967 2656 1052 2719 inter
1073 2654 1212 2719 africum
1237 2663 1269 2717 et
1290 2651 1458 2715 favonium
1472 2667 1507 2731 N,

363 2756 450 2819 inter
472 2753 641 2819 favonium
663 2748 695 2820 et
717 2776 852 2821 caurum
874 2773 913 2840 o,
936 2757 1023 2821 inter
1045 2778 1178 2823 caurum
1201 2765 1233 2820 et
1254 2754 1508 2842 septentrionem
1525 2770 1559 2818 ao

364 2876 405 2940 Κ,
434 2857 520 2921 inter
548 2858 801 2944 septentrionem
829 2868 862 2922 et
887 2859 1124 2946 aquilonem,
1152 2861 1238 2924 inter
1264 2855 1449 2945 aquilonem
1476 2863 1509 2917 et

364 2959 513 3025 solanum
535 2975 568 3040 L,
591 2959 676 3023 inter
698 2960 844 3026 solanum
860 2971 891 3026 ct
908 2982 1021 3026 eurum
1042 2980 1079 3025 M.
1123 2963 1170 3025 ita
1183 2961 1235 3025 his
1252 2959 1408 3026 confectis
1423 2958 1509 3020 inter

363 3059 500 3147 angulos
523 3061 674 3145 octagoni
695 3083 838 3146 gnomon
858 3073 1008 3151 ponatur,
1032 3063 1131 3133 etita
1153 3062 1336 3146 dirigantur
1356 3060 1508 3145 angipor-

362 3175 471 3229 torum
492 3161 683 3227 divisiones.

436 3458 449 3504 1
469 3437 756 3521 septentrionalesH.
786 3452 797 3522 Η
817 3459 832 3506 2
855 3473 919 3521 pars
939 3456 1036 3508 .XVI.:
1054 3458 1093 3506 sic
1113 3456 1171 3506 GH.
1194 3451 1206 3520 Η
1229 3457 1246 3504 4
1269 3470 1324 3519 qua
1343 3453 1413 3505 Get:
1436 3467 1506 3516 qnae

366 3540 419 3592 GH
438 3537 608 3604 (quadrangit
626 3540 663 3602 H,
683 3555 735 3605 que
759 3542 849 3605 tangit
875 3542 931 3598 δίο,
956 3557 1016 3606 quae
1039 3542 1131 3605 tangit
1154 3542 1186 3590 L.
1214 3541 1249 3603 ef.
1272 3554 1354 3604 supra
1375 3541 1416 3596 26,
1435 3537 1472 3601 8).
1493 3535 1505 3602 Η

363 3624 568 3676 rotundationis
586 3631 646 3673 ante
664 3640 731 3677 corr.
751 3622 975 3688 (-ni=HLlc)
996 3626 1023 3674 G.
1047 3622 1058 3690 Η
1082 3629 1149 3674 bac
1172 3625 1208 3672 L:
1237 3640 1283 3674 ona
1304 3625 1355 3673 GH
1375 3623 1427 3686 (tc).
1452 3619 1464 3688 Η
1491 3624 1507 3670 6

364 3709 559 3762 rotundatione
578 3715 606 3758 et
623 3724 682 3773 epo:
702 3709 911 3759 rotundationes
925 3714 953 3758 et
964 3709 992 3771 G,
1012 3707 1215 3758 retundationis
1225 3705 1247 3756 a
1259 3710 1289 3756 H
1300 3706 1363 3771 (rot.
1375 3706 1481 3770 (Mac).
1492 3703 1505 3771 Η

365 3799 431 3848 8et
450 3794 675 3858 abg...ied.:
696 3798 723 3842 et
741 3793 776 3842 ab
796 3811 830 3859 .g.
855 3793 890 3844 ad
909 3794 944 3847 .h.
970 3799 997 3843 et
1016 3794 1050 3842 ab
1075 3793 1112 3845 .h.
1132 3792 1167 3842 ad
1186 3793 1213 3844 .i.
1234 3792 1356 3851 &drab
1375 3808 1411 3856 .g.
1430 3790 1453 3840 a
1472 3791 1506 3840 ab
1581 3808 1583 3812 ·

366 3881 404 3934 .h.
423 3878 458 3930 ad
476 3878 504 3928 .i.
523 3879 552 3927 H
571 3876 650 3941 (hle).
675 3873 686 3942 Η
711 3879 741 3926 11
761 3877 796 3928 ab
816 3880 843 3932 .i.
865 3879 900 3928 ad
919 3879 955 3928 .k.
976 3879 1021 3928 GC:
1043 3878 1077 3927 ab
1103 3879 1130 3930 .i.
1154 3877 1188 3926 ab
1214 3877 1251 3931 .k.
1270 3878 1298 3925 H
1317 3874 1387 3939 (Δία)
1405 3883 1431 3924 ει
1447 3881 1507 3924 ante

364 3981 437 4016 corr.
452 3964 482 4014 G.
505 3959 517 4028 Η
542 3964 572 4011 12
592 3960 689 4012 dextra
701 3961 827 4024 (dextera
839 3963 874 4027 L)
888 3967 953 4016 tres.
974 3979 1007 4012 ac
1021 3963 1133 4012 sinistra
1145 3967 1202 4010 tres
1214 3963 1244 4009 H
1255 3958 1322 4023 (GL,
1341 3968 1398 4009 tres
1411 3959 1506 4008 dextra

367 4065 402 4100 ae
421 4048 535 4100 sinistra
552 4051 609 4096 tres
627 4045 674 4110 lc):
694 4046 837 4097 dextrates
851 4064 883 4098 ac
897 4049 1055 4098 sinistrates
1073 4054 1131 4096 ante
1149 4061 1219 4097 corr.
1239 4046 1267 4098 G.
1291 4041 1303 4111 Η
1327 4047 1359 4092 14
1377 4060 1413 4093 .n.
1431 4041 1454 4091 du
1473 4061 1506 4094 .0.

366 4135 403 4184 ab
429 4149 471 4185 .m.
495 4132 530 4182 ad
549 4147 594 4182 .o.:
618 4133 656 4180 aie
681 4131 739 4180 GH.
765 4127 776 4197 Η
806 4134 836 4182 15
859 4133 893 4182 ab
914 4133 939 4182 .l.
965 4133 1000 4183 ad
1018 4149 1052 4185 .n.
1071 4134 1125 4181 cd:
1152 4131 1186 4180 ab
1210 4130 1235 4181 .i.
1259 4129 1293 4178 ad
1313 4143 1347 4181 ,n.
1373 4128 1425 4177 GH
1445 4127 1505 4189 (Llr,

365 4219 423 4271 abi.
444 4217 507 4267 adn.
526 4215 569 4278 lc).
594 4213 606 4282 Η
630 4217 661 4265 16
680 4216 869 4267 circumitione
888 4218 962 4268 Mar.
981 4217 1070 4282 (rec.):
1094 4232 1189 4266 -nem
1206 4215 1247 4272 H,
1267 4215 1333 4261 -ni
1353 4212 1374 4260 θ
1391 4211 1470 4274 (Llc).
1489 4207 1502 4276 Η

366 4304 399 4353 17
423 4300 554 4367 octagoni
576 4301 606 4350 H
630 4299 698 4365 (ΒΖΗ
730 4303 859 4365 octogoni
883 4300 985 4365 G(cle).
1014 4297 1026 4366 Η
1053 4300 1202 4350 meridiane
1225 4305 1284 4348 ante
1307 4313 1375 4347 corr.
1395 4297 1416 4345 θ
1439 4294 1507 4359 (rne-

364 4386 456 4438 ridiae
488 4386 539 4444 Hs
559 4385 638 4436 —die
672 4386 737 4450 Llc).
766 4382 777 4452 Η
805 4388 838 4436 20
868 4385 998 4434 chaurum
1030 4385 1080 4434 GH
1110 4392 1134 4434 et
1164 4385 1253 4432 iterum
1285 4381 1416 4431 chaurum
1444 4382 1507 4431 0110

366 4471 426 4536 (sed
443 4486 555 4522 caurum
582 4477 641 4521 ante
667 4486 735 4522 corr.
754 4469 803 4536 H).
827 4467 840 4536 Η
862 4471 910 4520 23·
921 4471 1051 4535 octagoni
1068 4471 1098 4518 H
1116 4467 1189 4533 (Lc):
1220 4467 1349 4533 octogoni
1373 4464 1468 4530 θΗΙι).
1492 4463 1503 4530 Η

367 4557 549 4624 angiportum
567 4564 626 4606 ante
644 4573 713 4609 corr.
733 4557 759 4620 (o
778 4572 813 4606 ea
830 4556 858 4618 u)
877 4556 913 4604 H.
937 4552 950 4620 Η
977 4557 1011 4604 24
1029 4553 1188 4607 divisiones.
1210 4554 1258 4603 XI.
1282 4552 1437 4602 divisis
1456 4551 1507 4601 GH

367 4641 438 4707 (stem
450 4642 495 4706 LI,
513 4642 562 4691 aed
571 4641 633 4692 XII.
646 4627 731 4704 'Ger-a).
766 4657 890 4691 nanterum
907 4648 978 4689 recte
996 4655 1042 4689 om.
1061 4641 1124 4691 Lor.
1143 4641 1251 4703 capituli
1267 4642 1330 4689 enim
1347 4642 1370 4690 is
1388 4647 1427 4690 est
1444 4644 1506 4692 duo·

366 4728 471 4786 dammi,
499 4727 543 4793 qui
567 4727 624 4794 ipso
651 4726 723 4774 titulo
742 4727 875 4791 deperdito
899 4741 964 4774 nune
989 4728 1058 4775 aolus
1075 4729 1165 4774 restat.
1195 4724 1229 4786 rs.
1253 4725 1324 4789 infra
1350 4726 1399 4787 Vl,
1419 4727 1463 4791 8.).
