3784 5625
379 668 421 733 28
868 688 1025 734 vrrnuvu

380 843 491 929 primit
518 863 669 906 aurarum
697 840 890 906 antelucano
919 842 1037 930 spiritu
1065 840 1172 904 flatus.
1222 841 1279 926 qui
1307 862 1379 903 cum
1410 848 1524 904 exorto

380 943 447 1009 sole
470 954 732 1031 permanserunt,
762 945 831 1006 euri
852 944 943 1006 renti
971 952 1082 1006 tenent
1109 952 1235 1029 partes,
1265 951 1296 1005 et
1319 963 1357 1003 ea
1378 963 1414 1004 re
1437 942 1524 1027 quod

382 1069 423 1110 ex
444 1048 532 1111 auris
555 1056 743 1133 procreatur
764 1044 806 1109 ab
823 1045 958 1109 Graecis
983 1068 1081 1129 ευρος
1101 1044 1233 1109 videtur
1253 1065 1325 1107 esse
1339 1042 1523 1130 appellatus

380 1151 609 1236 crastinusque
628 1149 697 1212 dies
720 1156 853 1235 propter
874 1169 969 1211 auras
992 1147 1169 1210 matutinas
1191 1169 1313 1230 uvurov
1333 1145 1439 1210 fertur
1454 1168 1524 1210 esse

346 1252 552 1317 tvocitatus.
603 1260 678 1314 sunt
710 1259 817 1313 autem
852 1248 999 1328 nonnulli
1034 1250 1090 1335 qui
1122 1257 1244 1332 negant
1272 1247 1524 1311 Eratosthenem

380 1355 524 1442 potuisse
547 1375 657 1416 veram
685 1374 868 1415 mensuram
896 1351 984 1416 orbis
1013 1359 1117 1414 terrae
1140 1348 1302 1435 colligere.
1348 1371 1431 1435 quae
1454 1352 1523 1413 sive

380 1466 430 1520 est
454 1464 542 1519 certa
565 1456 634 1517 sive
652 1477 719 1518 non
733 1475 821 1536 vera,
844 1476 910 1517 non
924 1460 1032 1539 potest
1047 1462 1158 1516 nostra
1173 1454 1334 1539 scriptura
1348 1474 1414 1516 non
1429 1473 1522 1514 veras

379 1557 500 1630 habere
522 1558 765 1623 terminationes
787 1557 957 1641 regionum
978 1554 1064 1619 unde
1079 1556 1213 1644 spiritus
1228 1562 1401 1618 ventorum
1416 1556 1523 1618 oriun-

379 1669 442 1723 tur.
488 1682 564 1744 ergo
586 1661 615 1722 si
637 1660 683 1722 ita
705 1667 768 1743 θεῖ,
797 1666 923 1721 tantum
952 1658 1014 1720 erit
1041 1658 1090 1720 uti
1117 1680 1183 1721 non
1206 1666 1327 1720 certam
1350 1677 1522 1720 mensurae
1542 1681 1570 1727 12

331 1764 538 1828 rurationem
561 1762 618 1826 scd
641 1769 697 1824 aut
718 1760 857 1825 maiores
880 1762 1020 1848 impetus
1048 1769 1104 1823 aut
1130 1761 1271 1824 minores
1294 1757 1436 1821 habeant
1459 1759 1522 1821 sin-

378 1864 448 1949 gu'li
471 1865 571 1928 venti.

466 1966 629 2047 Quoniam
651 1966 731 2030 haec
752 1989 771 2030 a
793 1966 887 2032 nobis
909 1976 984 2030 sunt
998 1965 1143 2031 breviter
1159 1969 1319 2055 exposita,
1342 1977 1379 2031 ut
1393 1966 1522 2031 facilius

380 2068 613 2154 intellegantur
641 2070 749 2134 visum
777 2079 827 2133 est
853 2068 934 2133 mihi
961 2071 995 2131 in
1024 2077 1169 2133 extremo
1197 2068 1362 2133 volumine
1390 2068 1523 2150 formas,

381 2173 451 2236 sive
473 2173 522 2235 uti
545 2169 663 2237 Graeci
686 2188 836 2256 σχηματα
859 2171 981 2253 dicunt,
1005 2170 1069 2234 duo
1092 2170 1267 2257 explicare,
1291 2193 1391 2235 unum
1407 2172 1454 2235 ita
1469 2170 1521 2233 de-

331 2290 361 2338 15
380 2274 554 2339 formatum
576 2282 611 2337 ut
633 2283 788 2362 appareat
809 2273 895 2337 unde
918 2274 999 2337 certi
1014 2282 1187 2337 ventorum
1209 2274 1343 2360 spiritus
1367 2273 1522 2354 oriantur,

379 2376 517 2441 alterum
533 2376 805 2463 quemadmodum
825 2375 868 2439 ab
883 2377 1007 2462 impetu
1023 2398 1133 2439 eorum
1147 2376 1272 2438 aversis
1289 2372 1523 2439 directionibus

381 2480 527 2543 vicorum
551 2489 582 2542 et
604 2478 785 2565 platearum
808 2480 1153 2543 evitenturnocentes
1181 2478 1287 2541 flatus
1333 2478 1394 2540 erit
1415 2486 1523 2539 autem

381 2582 415 2643 in
438 2589 619 2666 exaequata
646 2581 783 2668 planitie
811 2591 958 2645 centrum
985 2580 1043 2644 ubi
1077 2589 1126 2643 est
1154 2578 1263 2643 littera
1285 2596 1323 2661 A,
1352 2580 1522 2663 gnomonis

380 2692 490 2746 autem
511 2682 768 2746 antemeridiana
790 2681 905 2745 umbra
927 2681 984 2745 ubi
1007 2692 1056 2746 est
1079 2700 1111 2763 B,
1136 2691 1167 2745 et
1188 2704 1208 2744 a
1230 2692 1340 2747 centro
1362 2680 1421 2744 ubi
1437 2690 1522 2744 esta

331 2800 364 2847 ‘20
383 2783 515 2848 diducto
538 2784 660 2849 circino
682 2783 725 2847 ad
747 2783 781 2847 id
804 2784 932 2869 signum
955 2783 1089 2848 umbrae
1111 2784 1168 2848 ubi
1190 2794 1240 2848 θεῖ
1263 2803 1300 2867 Β,
1325 2786 1522 2868 circumaga-

382 2896 435 2950 tur
456 2885 541 2950 linea
562 2886 811 2951 rotundationis.
856 2885 998 2974 reposito
1027 2896 1134 2950 autem
1162 2909 1322 2972 gnomone
1349 2886 1408 2949 ubi
1429 2895 1523 2951 antea

382 2988 504 3069 fuerat,
534 2988 736 3075 expectanda
764 2997 812 3052 est
841 2987 918 3052 dum
941 2987 1108 3052 decrescat
1129 2988 1293 3076 faciatque
1315 2991 1433 3052 iterum
1456 3008 1521 3052 cre·

382 3089 502 3154 scendo
523 3112 635 3176 parem
656 3091 931 3155 antemeridianae
946 3090 1079 3155 umbrae
1094 3091 1383 3179 postmeridianam
1397 3099 1522 3175 tangat-

382 3214 445 3278 que
466 3192 583 3256 lineam
607 3192 846 3258 rotundationis
868 3193 925 3258 ubi
949 3195 1010 3257 erit
1032 3192 1141 3258 littera
1156 3211 1185 3258 0.
1229 3204 1308 3259 tunc
1323 3215 1342 3256 a
1358 3193 1451 3277 signo
1467 3189 1550 3266 ubi.

252 3309 255 3318 ·
331 3310 364 3358 25
383 3304 474 3359 esta
504 3304 535 3358 et
563 3318 582 3359 a
610 3297 704 3381 signo
731 3295 790 3360 ubi
818 3305 867 3360 est
895 3311 915 3359 c
943 3296 1065 3360 circino
1094 3296 1291 3360 decussatim
1321 3293 1524 3362 describatur

382 3393 440 3458 ubi
463 3397 525 3459 erit
547 3414 587 3479 Ι),
617 3398 736 3461 deinde
758 3420 817 3487 per
839 3397 1101 3462 decussationem
1123 3398 1181 3462 ubi
1204 3407 1252 3462 est
1275 3415 1299 3460 Ι)
1322 3406 1354 3460 θῖ
1378 3406 1522 3464 centrum

382 3496 579 3583 perducatur
605 3498 691 3563 linea
718 3500 762 3563 ad
790 3509 987 3585 extremum,
1017 3502 1052 3564 in
1080 3522 1144 3589 qua
1171 3499 1258 3565 linea
1280 3508 1374 3567 erunt
1396 3498 1523 3568 litterae

450 3708 465 3755 3
479 3706 514 3755 ab
528 3703 656 3770 grae(gre
672 3707 745 3773 G)c1s
763 3724 845 3759 aurus
859 3710 916 3760 GH.
933 3706 945 3775 ΙΙ
966 3713 982 3759 4
996 3725 1092 3760 aunon
1106 3711 1157 3760 GH
1167 3709 1209 3773 (L,
1222 3713 1298 3760 aurni
1312 3709 1355 3775 lc).
1368 3707 1380 3777 ΙΙ
1392 3712 1408 3761 5
1418 3715 1521 3760 autem:

383 3789 430 3837 eni
444 3790 472 3838 G.
491 3787 503 3856 ll
521 3778 724 3855 eratostencG,
745 3794 949 3859 eratosltenem
967 3796 997 3842 H
1019 3791 1209 3858 (eratostenen
1229 3797 1272 3855 h).
1294 3792 1307 3861 ΙΙ
1335 3799 1350 3845 7
1369 3800 1445 3846 certe
1463 3802 1521 3846 ante

382 3890 450 3926 corr.
471 3876 500 3928 G.
521 3873 532 3942 Η
555 3879 571 3926 9
591 3879 642 3927 erit
661 3894 707 3932 om,
728 3879 760 3931 h.
783 3875 795 3944 ΙΙ
819 3881 849 3930 13
868 3880 1063 3944 intelligantur
1081 3883 1135 3932 ert:
1159 3881 1339 3946 intellegatur
1358 3882 1418 3934 GH.
1439 3878 1452 3948 ΙΙ
1470 3882 1522 3932 for·

381 3975 439 4009 mas
458 3961 539 4010 Pau:
560 3961 645 4011 forma
664 3963 721 4012 GH.
746 3959 757 4029 ll
782 3965 814 4013 14
832 3963 976 4013 schemata
997 3964 1055 4013 GH.
1080 3962 1091 4029 ΙΙ
1120 3967 1151 4014 16
1170 3967 1288 4015 aversis:
1311 3968 1349 4015 sic
1368 3965 1427 4014 GH.
1450 3962 1463 4032 ΙΙ
1491 3966 1522 4015 18

380 4080 517 4143 gnominis
538 4080 573 4144 (et
591 4083 622 4130 21
641 4085 768 4146 gnomine
787 4083 830 4132 nbi
846 4094 872 4132 cc
891 4057 959 4148 ine)
984 4084 1014 4133 elz
1031 4086 1086 4134 soli.
1103 4080 1115 4150 ΙΙ
1132 4086 1163 4133 19
1176 4085 1281 4134 ubiest.
1293 4083 1350 4137 a&
1361 4089 1475 4134 acentro
1487 4085 1521 4136 G:

380 4165 428 4214 ubi
447 4169 490 4214 est
509 4166 544 4215 .b.
565 4164 640 4216 &a
661 4171 756 4217 centro
775 4169 804 4217 H
821 4167 941 4230 (ceterum
963 4171 1001 4217 sic
1022 4184 1122 4232 semper
1142 4171 1237 4219 litteris
1258 4169 1395 4219 minoribus
1412 4176 1438 4218 et
1455 4171 1522 4218 inter

380 4250 428 4297 duo
445 4259 541 4312 peraeta
557 4253 649 4316 positis
668 4251 738 4317 GH).
761 4249 773 4319 Η
797 4254 844 4302 ubi
863 4257 904 4302 est
928 4270 964 4303 a.
983 4252 1095 4303 diducto
1113 4255 1168 4304 ed:
1197 4255 1244 4304 ubi
1262 4259 1307 4304 est
1331 4270 1366 4304 a.
1386 4238 1415 4303 δι’
1428 4254 1469 4316 (θῖ
1489 4251 1521 4318 G)

381 4331 414 4381 .b.
434 4331 549 4383 deducto
570 4337 627 4384 GH.
652 4333 664 4401 ΙΙ
687 4341 719 4387 20
737 4336 766 4386 id
784 4353 830 4389 om.
852 4337 879 4387 G.
904 4335 915 4403 Η
943 4339 976 4388 22
995 4339 1180 4404 expectanda:
1204 4343 1241 4389 sic
1261 4341 1319 4392 GH.
1342 4336 1354 4404 ΙΙ
1377 4341 1410 4389 23
1428 4354 1521 4403 parem

381 4416 414 4465 G:
434 4421 540 4481 partem
558 4419 587 4466 H
606 4419 723 4484 (Geato).
747 4418 758 4485 ΙΙ
786 4424 819 4472 24
837 4439 870 4475 .c.
892 4424 912 4473 G
931 4422 990 4487 (sed
1008 4426 1042 4475 G⁶
1061 4424 1103 4487 dl:
1127 4440 1159 4476 .e.
1180 4426 1209 4473 H
1227 4425 1306 4488 (Lu).
1331 4420 1343 4490 ΙΙ
1366 4425 1399 4474 25
1419 4439 1452 4473 .c.
1473 4423 1525 4474 GH

380 4497 447 4562 (Llc,
457 4503 505 4550 sed
518 4502 552 4551 G⁶
561 4505 651 4552 iterum
664 4504 701 4569 d).
721 4503 734 4572 Η
755 4509 787 4556 26
800 4507 1021 4559 decussationem
1032 4511 1079 4561 ubi
1093 4513 1135 4558 est
1154 4508 1187 4562 .d,
1207 4514 1235 4558 et
1254 4513 1378 4558 centrum
1389 4509 1458 4559 doc:
1478 4506 1523 4556 de-

380 4585 550 4635 cusationem
569 4584 592 4634 &
611 4584 650 4649 (et
669 4590 701 4652 G)
721 4598 844 4652 centrum
862 4594 910 4642 ubi
929 4598 972 4644 est
991 4595 1025 4643 .d.
1046 4595 1097 4644 GH
1111 4591 1178 4656 (hle,
1197 4597 1245 4644 sed
1261 4594 1310 4643 ubi
1323 4596 1365 4642 est
1384 4610 1418 4642 .e.
1439 4593 1493 4659 G0).
1506 4590 1518 4656 ll

378 4669 411 4715 27
430 4669 464 4717 ad
483 4674 632 4719 extremum
652 4671 712 4739 (L):
738 4675 925 4734 abextremum
945 4679 996 4728 GH
1019 4677 1073 4747 (tc).
1098 4675 1110 4752 ΙΙ
1134 4683 1214 4730 erunt
1236 4678 1350 4740 litterae
1371 4676 1446 4746 (G⁶]:
1470 4676 1521 4730 erit

378 4748 472 4802 littera
493 4754 543 4802 GH
561 4752 639 4818 (Llc).
