<?xml version="1.0" encoding="UTF-8"?>
<!DOCTYPE html PUBLIC "-//W3C//DTD XHTML 1.0 Transitional//EN"
    "http://www.w3.org/TR/xhtml1/DTD/xhtml1-transitional.dtd">
<html xmlns="http://www.w3.org/1999/xhtml" xml:lang="en" lang="en">
 <head>
  <title>
</title>
<meta http-equiv="Content-Type" content="text/html;charset=utf-8" />
  <meta name='ocr-system' content='tesseract 3.04.00' />
  <meta name='ocr-capabilities' content='ocr_page ocr_carea ocr_par ocr_line ocrx_word'/>
</head>
<body>
  <div class='ocr_page' id='page_1' title='image "./vitruviidearchi01strgoog_0323.png"; bbox 0 0 3784 5625; ppageno 0'>
   <div class='ocr_carea' id='block_1_1' title="bbox 516 663 1474 737">
    <p class='ocr_par' dir='ltr' id='par_1_1' title="bbox 516 663 1474 737">
     <span class='ocr_line' id='line_1_1' title="bbox 516 663 1474 737; baseline 0.002 -4"><span class='ocrx_word' id='word_1_1' title='bbox 516 688 564 735; x_wconf 76' lang='lat' dir='ltr'>DE</span> <span class='ocrx_word' id='word_1_2' title='bbox 583 663 746 736; x_wconf 69' lang='lat' dir='ltr'>&#39;Dlvnsssls</span> <span class='ocrx_word' id='word_1_3' title='bbox 768 687 929 737; x_wconf 79' lang='lat' dir='ltr'>FABRICIS</span> <span class='ocrx_word' id='word_1_4' title='bbox 953 664 1301 734; x_wconf 55' lang='lat' dir='ltr'>aucnlrncroulcsns</span> <span class='ocrx_word' id='word_1_5' title='bbox 1410 672 1474 735; x_wconf 79' lang='lat'>305</span> 
     </span>
    </p>
   </div>
   <div class='ocr_carea' id='block_1_2' title="bbox 331 837 1534 1129">
    <p class='ocr_par' dir='ltr' id='par_1_2' title="bbox 331 837 1534 1129">
     <span class='ocr_line' id='line_1_2' title="bbox 331 837 1534 927; baseline -0.001 -24"><span class='ocrx_word' id='word_1_6' title='bbox 331 842 466 926; x_wconf 85' lang='lat' dir='ltr'>purgari</span> <span class='ocrx_word' id='word_1_7' title='bbox 488 842 653 927; x_wconf 83' lang='lat' dir='ltr'>coeperint</span> <span class='ocrx_word' id='word_1_8' title='bbox 674 841 814 925; x_wconf 79' lang='lat' dir='ltr'>gratiam</span> <span class='ocrx_word' id='word_1_9' title='bbox 836 839 953 903; x_wconf 89' lang='lat' dir='ltr'>coloris</span> <span class='ocrx_word' id='word_1_10' title='bbox 975 842 1140 903; x_wconf 91' lang='lat' dir='ltr'>amittunt.</span> <span class='ocrx_word' id='word_1_11' title='bbox 1182 837 1286 902; x_wconf 91' lang='lat' dir='ltr'>umidi</span> <span class='ocrx_word' id='word_1_12' title='bbox 1308 840 1395 901; x_wconf 88' lang='lat' dir='ltr'>enirn</span> <span class='ocrx_word' id='word_1_13' title='bbox 1416 862 1471 926; x_wconf 92' lang='lat' dir='ltr'>pa·</span> <span class='ocrx_word' id='word_1_14' title='bbox 1531 862 1534 868; x_wconf 91' lang='lat'>·</span> 
     </span>
     <span class='ocr_line' id='line_1_3' title="bbox 331 939 1472 1028; baseline 0.001 -24"><span class='ocrx_word' id='word_1_15' title='bbox 331 944 430 1005; x_wconf 89' lang='lat' dir='ltr'>rietes</span> <span class='ocrx_word' id='word_1_16' title='bbox 453 964 527 1004; x_wconf 91' lang='lat' dir='ltr'>cum</span> <span class='ocrx_word' id='word_1_17' title='bbox 549 943 686 1028; x_wconf 88' lang='lat' dir='ltr'>picturis</span> <span class='ocrx_word' id='word_1_18' title='bbox 708 951 864 1006; x_wconf 89' lang='lat' dir='ltr'>ornantur</span> <span class='ocrx_word' id='word_1_19' title='bbox 885 941 1118 1023; x_wconf 87' lang='lat' dir='ltr'>desudcscent,</span> <span class='ocrx_word' id='word_1_20' title='bbox 1142 950 1174 1003; x_wconf 90' lang='lat' dir='ltr'>ct</span> <span class='ocrx_word' id='word_1_21' title='bbox 1196 942 1286 1027; x_wconf 88' lang='lat' dir='ltr'>operi</span> <span class='ocrx_word' id='word_1_22' title='bbox 1308 939 1472 1025; x_wconf 84' lang='lat' dir='ltr'>obligatus</span> 
     </span>
     <span class='ocr_line' id='line_1_4' title="bbox 332 1043 733 1129; baseline 0.007 -24"><span class='ocrx_word' id='word_1_23' title='bbox 332 1043 420 1107; x_wconf 90' lang='lat' dir='ltr'>color</span> <span class='ocrx_word' id='word_1_24' title='bbox 442 1043 508 1107; x_wconf 90' lang='lat' dir='ltr'>elui</span> <span class='ocrx_word' id='word_1_25' title='bbox 529 1067 594 1108; x_wconf 93' lang='lat' dir='ltr'>non</span> <span class='ocrx_word' id='word_1_26' title='bbox 615 1053 733 1129; x_wconf 90' lang='lat' dir='ltr'>potest.</span> 
     </span>
    </p>
   </div>
   <div class='ocr_carea' id='block_1_3' title="bbox 416 1142 1623 1248">
    <p class='ocr_par' dir='ltr' id='par_1_3' title="bbox 416 1142 1623 1248">
     <span class='ocr_line' id='line_1_5' title="bbox 416 1142 1623 1248; baseline -0.004 -39"><span class='ocrx_word' id='word_1_27' title='bbox 416 1145 517 1230; x_wconf 85' lang='lat' dir='ltr'>Operi</span> <span class='ocrx_word' id='word_1_28' title='bbox 539 1147 706 1210; x_wconf 89' lang='lat' dir='ltr'>coronario</span> <span class='ocrx_word' id='word_1_29' title='bbox 729 1145 880 1210; x_wconf 90' lang='lat' dir='ltr'>subtilior</span> <span class='ocrx_word' id='word_1_30' title='bbox 900 1146 1038 1232; x_wconf 91' lang='lat' dir='ltr'>inpensa</span> <span class='ocrx_word' id='word_1_31' title='bbox 1059 1144 1243 1209; x_wconf 89' lang='lat' dir='ltr'>necessaria</span> <span class='ocrx_word' id='word_1_32' title='bbox 1265 1151 1324 1226; x_wconf 91' lang='lat' dir='ltr'>est,</span> <span class='ocrx_word' id='word_1_33' title='bbox 1347 1152 1384 1207; x_wconf 92' lang='lat' dir='ltr'>ut</span> <span class='ocrx_word' id='word_1_34' title='bbox 1404 1142 1623 1248; x_wconf 50' lang='lat' dir='ltr'>am-}p{221·cogff</span> 
     </span>
    </p>
   </div>
   <div class='ocr_carea' id='block_1_4' title="bbox 297 1243 1688 1755">
    <p class='ocr_par' dir='ltr' id='par_1_4' title="bbox 297 1243 1688 1755">
     <span class='ocr_line' id='line_1_6' title="bbox 297 1243 1586 1332; baseline -0.003 -24"><span class='ocrx_word' id='word_1_35' title='bbox 297 1246 416 1332; x_wconf 71' lang='lat' dir='ltr'>aplius</span> <span class='ocrx_word' id='word_1_36' title='bbox 452 1245 569 1310; x_wconf 87' lang='lat' dir='ltr'>fricata</span> <span class='ocrx_word' id='word_1_37' title='bbox 604 1246 732 1311; x_wconf 88' lang='lat' dir='ltr'>mollius</span> <span class='ocrx_word' id='word_1_38' title='bbox 769 1250 873 1316; x_wconf 92' lang='lat' dir='ltr'>nitore</span> <span class='ocrx_word' id='word_1_39' title='bbox 905 1248 1045 1331; x_wconf 84' lang='lat' dir='ltr'>gratiam</span> <span class='ocrx_word' id='word_1_40' title='bbox 1078 1244 1187 1310; x_wconf 89' lang='lat' dir='ltr'>faciat.</span> <span class='ocrx_word' id='word_1_41' title='bbox 1232 1243 1471 1310; x_wconf 85' lang='lat' dir='ltr'>observandum</span> <span class='ocrx_word' id='word_1_42' title='bbox 1519 1246 1586 1285; x_wconf 54' lang='grc' dir='ltr'>ΜΟ·</span> 
     </span>
     <span class='ocr_line' id='line_1_7' title="bbox 330 1330 1623 1435; baseline -0.005 -26"><span class='ocrx_word' id='word_1_43' title='bbox 330 1357 439 1411; x_wconf 90' lang='lat' dir='ltr'>tamen</span> <span class='ocrx_word' id='word_1_44' title='bbox 462 1349 523 1411; x_wconf 88' lang='lat' dir='ltr'>crit</span> <span class='ocrx_word' id='word_1_45' title='bbox 544 1370 586 1411; x_wconf 92' lang='lat' dir='ltr'>ne</span> <span class='ocrx_word' id='word_1_46' title='bbox 607 1370 748 1434; x_wconf 87' lang='lat' dir='ltr'>gypsum</span> <span class='ocrx_word' id='word_1_47' title='bbox 770 1350 924 1435; x_wconf 86' lang='lat' dir='ltr'>inpensae</span> <span class='ocrx_word' id='word_1_48' title='bbox 945 1348 1151 1431; x_wconf 86' lang='lat' dir='ltr'>adiungatur.</span> <span class='ocrx_word' id='word_1_49' title='bbox 1196 1345 1363 1412; x_wconf 89' lang='lat' dir='ltr'>siticulosa</span> <span class='ocrx_word' id='word_1_50' title='bbox 1386 1347 1472 1409; x_wconf 90' lang='lat' dir='ltr'>enim</span> <span class='ocrx_word' id='word_1_51' title='bbox 1489 1330 1545 1370; x_wconf 75' lang='lat' dir='ltr'>vio.</span> <span class='ocrx_word' id='word_1_52' title='bbox 1564 1332 1585 1378; x_wconf 80' lang='lat'>⁷’</span> <span class='ocrx_word' id='word_1_53' title='bbox 1603 1332 1623 1369; x_wconf 77' lang='lat'>³·</span> 
     </span>
     <span class='ocr_line' id='line_1_8' title="bbox 331 1447 1540 1540; baseline -0.002 -28"><span class='ocrx_word' id='word_1_54' title='bbox 331 1452 467 1513; x_wconf 91' lang='lat' dir='ltr'>materia</span> <span class='ocrx_word' id='word_1_55' title='bbox 488 1448 566 1512; x_wconf 88' lang='lat' dir='ltr'>dum</span> <span class='ocrx_word' id='word_1_56' title='bbox 589 1452 652 1514; x_wconf 92' lang='lat' dir='ltr'>cito</span> <span class='ocrx_word' id='word_1_57' title='bbox 674 1450 803 1530; x_wconf 82' lang='lat' dir='ltr'>arescit,</span> <span class='ocrx_word' id='word_1_58' title='bbox 819 1452 928 1513; x_wconf 86' lang='lat' dir='ltr'>vicina</span> <span class='ocrx_word' id='word_1_59' title='bbox 944 1451 1146 1513; x_wconf 81' lang='lat' dir='ltr'>coronarium</span> <span class='ocrx_word' id='word_1_60' title='bbox 1160 1472 1242 1535; x_wconf 86' lang='lat' dir='ltr'>¹opus</span> <span class='ocrx_word' id='word_1_61' title='bbox 1259 1447 1471 1534; x_wconf 89' lang='lat' dir='ltr'>politionibus</span> <span class='ocrx_word' id='word_1_62' title='bbox 1534 1522 1540 1540; x_wconf 41' lang='grc' dir='ltr'>ι</span> 
     </span>
     <span class='ocr_line' id='line_1_9' title="bbox 329 1550 1471 1638; baseline -0.002 -24"><span class='ocrx_word' id='word_1_63' title='bbox 329 1552 490 1638; x_wconf 88' lang='lat' dir='ltr'>parietum</span> <span class='ocrx_word' id='word_1_64' title='bbox 513 1561 545 1615; x_wconf 91' lang='lat' dir='ltr'>et</span> <span class='ocrx_word' id='word_1_65' title='bbox 567 1574 766 1616; x_wconf 89' lang='lat' dir='ltr'>camerarum</span> <span class='ocrx_word' id='word_1_66' title='bbox 789 1574 863 1615; x_wconf 90' lang='lat' dir='ltr'>cum</span> <span class='ocrx_word' id='word_1_67' title='bbox 884 1550 1148 1637; x_wconf 80' lang='lat' dir='ltr'>superinducitur</span> <span class='ocrx_word' id='word_1_68' title='bbox 1168 1554 1264 1616; x_wconf 91' lang='lat' dir='ltr'>ruina</span> <span class='ocrx_word' id='word_1_69' title='bbox 1284 1551 1471 1637; x_wconf 86' lang='lat' dir='ltr'>corrumpit.</span> 
     </span>
     <span class='ocr_line' id='line_1_10' title="bbox 414 1650 1688 1755; baseline -0.007 -38"><span class='ocrx_word' id='word_1_70' title='bbox 414 1656 560 1718; x_wconf 85' lang='lat' dir='ltr'>Parietes</span> <span class='ocrx_word' id='word_1_71' title='bbox 588 1676 666 1717; x_wconf 92' lang='lat' dir='ltr'>vero</span> <span class='ocrx_word' id='word_1_72' title='bbox 693 1655 814 1717; x_wconf 92' lang='lat' dir='ltr'>umidis</span> <span class='ocrx_word' id='word_1_73' title='bbox 843 1653 923 1717; x_wconf 91' lang='lat' dir='ltr'>locis</span> <span class='ocrx_word' id='word_1_74' title='bbox 946 1654 994 1715; x_wconf 92' lang='lat' dir='ltr'>sic</span> <span class='ocrx_word' id='word_1_75' title='bbox 1016 1663 1110 1717; x_wconf 91' lang='lat' dir='ltr'>erunt</span> <span class='ocrx_word' id='word_1_76' title='bbox 1132 1653 1305 1718; x_wconf 85' lang='lat' dir='ltr'>solidandi.</span> <span class='ocrx_word' id='word_1_77' title='bbox 1350 1655 1379 1717; x_wconf 90' lang='lat' dir='ltr'>si</span> <span class='ocrx_word' id='word_1_78' title='bbox 1400 1673 1471 1738; x_wconf 90' lang='lat' dir='ltr'>per·</span> <span class='ocrx_word' id='word_1_79' title='bbox 1486 1650 1565 1755; x_wconf 54' lang='lat' dir='ltr'>{llll</span> <span class='ocrx_word' id='word_1_80' title='bbox 1593 1651 1622 1690; x_wconf 64' lang='lat'>¹³⁸</span> <span class='ocrx_word' id='word_1_81' title='bbox 1685 1681 1688 1687; x_wconf 88' lang='lat'><em>·</em></span> 
     </span>
    </p>
   </div>
   <div class='ocr_carea' id='block_1_5' title="bbox 1508 1703 1610 1742">
    <p class='ocr_par' dir='ltr' id='par_1_5' title="bbox 1508 1703 1610 1742">
     <span class='ocr_line' id='line_1_11' title="bbox 1508 1703 1610 1742; baseline 0.01 -1"><span class='ocrx_word' id='word_1_82' title='bbox 1508 1703 1610 1742; x_wconf 85' lang='lat' dir='ltr'>arietibus</span> 
     </span>
    </p>
   </div>
   <div class='ocr_carea' id='block_1_6' title="bbox 281 1753 1623 1849">
    <p class='ocr_par' dir='ltr' id='par_1_6' title="bbox 281 1753 1623 1849">
     <span class='ocr_line' id='line_1_12' title="bbox 281 1753 1623 1849; baseline -0.01 -25"><span class='ocrx_word' id='word_1_83' title='bbox 281 1779 312 1827; x_wconf 94' lang='lat' dir='ltr'>1o</span> <span class='ocrx_word' id='word_1_84' title='bbox 329 1765 445 1841; x_wconf 90' lang='lat' dir='ltr'>petuus</span> <span class='ocrx_word' id='word_1_85' title='bbox 468 1778 561 1849; x_wconf 85' lang='lat' dir='ltr'>umor</span> <span class='ocrx_word' id='word_1_86' title='bbox 582 1756 738 1838; x_wconf 74' lang='lat' dir='ltr'>manabit,</span> <span class='ocrx_word' id='word_1_87' title='bbox 761 1757 866 1819; x_wconf 90' lang='lat' dir='ltr'>tribus</span> <span class='ocrx_word' id='word_1_88' title='bbox 888 1755 1028 1841; x_wconf 91' lang='lat' dir='ltr'>pedibus</span> <span class='ocrx_word' id='word_1_89' title='bbox 1043 1756 1084 1819; x_wconf 92' lang='lat' dir='ltr'>ab</span> <span class='ocrx_word' id='word_1_90' title='bbox 1105 1757 1181 1840; x_wconf 90' lang='lat' dir='ltr'>imo,</span> <span class='ocrx_word' id='word_1_91' title='bbox 1203 1764 1347 1820; x_wconf 86' lang='lat' dir='ltr'>testaceo</span> <span class='ocrx_word' id='word_1_92' title='bbox 1362 1754 1468 1840; x_wconf 87' lang='lat' dir='ltr'>paries</span> <span class='ocrx_word' id='word_1_93' title='bbox 1479 1753 1623 1793; x_wconf 66' lang='lat' dir='ltr'>⁰³⁰ss¹⁰¹¹¹i⁰l⁸</span> 
     </span>
    </p>
   </div>
   <div class='ocr_carea' id='block_1_7' title="bbox 1493 1803 1612 1844">
    <p class='ocr_par' dir='ltr' id='par_1_7' title="bbox 1493 1803 1612 1844">
     <span class='ocr_line' id='line_1_13' title="bbox 1493 1803 1612 1844; baseline 0 -1"><span class='ocrx_word' id='word_1_94' title='bbox 1493 1803 1571 1844; x_wconf 86' lang='lat' dir='ltr'>umidis</span> <span class='ocrx_word' id='word_1_95' title='bbox 1582 1803 1612 1844; x_wconf 90' lang='lat' dir='ltr'>lo·</span> 
     </span>
    </p>
   </div>
   <div class='ocr_carea' id='block_1_8' title="bbox 277 1854 1623 2857">
    <p class='ocr_par' dir='ltr' id='par_1_8' title="bbox 328 1854 1623 2250">
     <span class='ocr_line' id='line_1_14' title="bbox 330 1854 1623 1945; baseline -0.002 -26"><span class='ocrx_word' id='word_1_96' title='bbox 330 1858 490 1920; x_wconf 88' lang='lat' dir='ltr'>vestiatur</span> <span class='ocrx_word' id='word_1_97' title='bbox 518 1866 550 1920; x_wconf 90' lang='lat' dir='ltr'>et</span> <span class='ocrx_word' id='word_1_98' title='bbox 578 1859 738 1921; x_wconf 85' lang='lat' dir='ltr'>vestitura</span> <span class='ocrx_word' id='word_1_99' title='bbox 765 1858 907 1921; x_wconf 86' lang='lat' dir='ltr'>calcetur</span> <span class='ocrx_word' id='word_1_100' title='bbox 935 1867 967 1921; x_wconf 89' lang='lat' dir='ltr'>et</span> <span class='ocrx_word' id='word_1_101' title='bbox 994 1856 1151 1943; x_wconf 90' lang='lat' dir='ltr'>poliatur,</span> <span class='ocrx_word' id='word_1_102' title='bbox 1179 1878 1220 1919; x_wconf 93' lang='lat' dir='ltr'>ne</span> <span class='ocrx_word' id='word_1_103' title='bbox 1241 1878 1387 1922; x_wconf 89' lang='lat' dir='ltr'>umorem</span> <span class='ocrx_word' id='word_1_104' title='bbox 1414 1854 1471 1918; x_wconf 91' lang='lat' dir='ltr'>ad·</span> <span class='ocrx_word' id='word_1_105' title='bbox 1486 1856 1516 1895; x_wconf 72' lang='lat'>⁰⁵⁸</span> <span class='ocrx_word' id='word_1_106' title='bbox 1532 1854 1623 1945; x_wconf 44' lang='lat' dir='ltr'>{gibt</span> 
     </span>
     <span class='ocr_line' id='line_1_15' title="bbox 329 1947 1611 2047; baseline -0.002 -26"><span class='ocrx_word' id='word_1_107' title='bbox 329 1960 459 2022; x_wconf 89' lang='lat' dir='ltr'>mittere</span> <span class='ocrx_word' id='word_1_108' title='bbox 480 1961 594 2044; x_wconf 86' lang='lat' dir='ltr'>possit.</span> <span class='ocrx_word' id='word_1_109' title='bbox 617 1947 727 2047; x_wconf 85' lang='lat' dir='ltr'>·quod</span> <span class='ocrx_word' id='word_1_110' title='bbox 748 1960 777 2023; x_wconf 90' lang='lat' dir='ltr'>si</span> <span class='ocrx_word' id='word_1_111' title='bbox 799 1962 902 2024; x_wconf 90' lang='lat' dir='ltr'>maior</span> <span class='ocrx_word' id='word_1_112' title='bbox 924 1982 1017 2024; x_wconf 92' lang='lat' dir='ltr'>umor</span> <span class='ocrx_word' id='word_1_113' title='bbox 1037 1969 1213 2047; x_wconf 90' lang='lat' dir='ltr'>perpetuus</span> <span class='ocrx_word' id='word_1_114' title='bbox 1235 1957 1397 2040; x_wconf 84' lang='lat' dir='ltr'>manabit,</span> <span class='ocrx_word' id='word_1_115' title='bbox 1421 1978 1472 2019; x_wconf 86' lang='lat' dir='ltr'>ca·</span> <span class='ocrx_word' id='word_1_116' title='bbox 1493 1990 1547 2031; x_wconf 56' lang='lat' dir='ltr'>vm,</span> <span class='ocrx_word' id='word_1_117' title='bbox 1563 1991 1611 2037; x_wconf 57' lang='grc' dir='ltr'>μ,</span> 
     </span>
     <span class='ocr_line' id='line_1_16' title="bbox 328 2057 1470 2148; baseline -0.003 -25"><span class='ocrx_word' id='word_1_118' title='bbox 328 2060 505 2124; x_wconf 88' lang='lat' dir='ltr'>naliculum</span> <span class='ocrx_word' id='word_1_119' title='bbox 536 2061 671 2125; x_wconf 80' lang='lat' dir='ltr'>brevem</span> <span class='ocrx_word' id='word_1_120' title='bbox 704 2071 836 2126; x_wconf 86' lang='lat' dir='ltr'>extrues</span> <span class='ocrx_word' id='word_1_121' title='bbox 867 2061 1070 2148; x_wconf 91' lang='lat' dir='ltr'>aliquantum</span> <span class='ocrx_word' id='word_1_122' title='bbox 1098 2083 1118 2123; x_wconf 90' lang='lat' dir='ltr'>a</span> <span class='ocrx_word' id='word_1_123' title='bbox 1144 2062 1331 2147; x_wconf 87' lang='lat' dir='ltr'>pavimento</span> <span class='ocrx_word' id='word_1_124' title='bbox 1362 2057 1470 2138; x_wconf 91' lang='lat' dir='ltr'>altius,</span> 
     </span>
     <span class='ocr_line' id='line_1_17' title="bbox 330 2158 1470 2250; baseline -0.005 -24"><span class='ocrx_word' id='word_1_125' title='bbox 330 2186 391 2249; x_wconf 91' lang='lat' dir='ltr'>qua</span> <span class='ocrx_word' id='word_1_126' title='bbox 420 2162 573 2227; x_wconf 88' lang='lat' dir='ltr'>collectus</span> <span class='ocrx_word' id='word_1_127' title='bbox 600 2185 693 2227; x_wconf 91' lang='lat' dir='ltr'>umor</span> <span class='ocrx_word' id='word_1_128' title='bbox 721 2166 791 2228; x_wconf 91' lang='lat' dir='ltr'>sine</span> <span class='ocrx_word' id='word_1_129' title='bbox 819 2164 901 2227; x_wconf 88' lang='lat' dir='ltr'>vitio</span> <span class='ocrx_word' id='word_1_130' title='bbox 928 2165 1063 2250; x_wconf 90' lang='lat' dir='ltr'>parietis</span> <span class='ocrx_word' id='word_1_131' title='bbox 1092 2171 1198 2225; x_wconf 86' lang='lat' dir='ltr'>exeat.</span> <span class='ocrx_word' id='word_1_132' title='bbox 1242 2162 1270 2224; x_wconf 90' lang='lat' dir='ltr'>si</span> <span class='ocrx_word' id='word_1_133' title='bbox 1292 2169 1402 2223; x_wconf 89' lang='lat' dir='ltr'>autem</span> <span class='ocrx_word' id='word_1_134' title='bbox 1423 2158 1470 2221; x_wconf 90' lang='lat' dir='ltr'>af-</span> 
     </span>
    </p>

    <p class='ocr_par' dir='ltr' id='par_1_9' title="bbox 281 2262 1529 2758">
     <span class='ocr_line' id='line_1_18' title="bbox 281 2262 1472 2349; baseline -0.009 -17"><span class='ocrx_word' id='word_1_135' title='bbox 281 2286 311 2334; x_wconf 78' lang='grc'>15</span> <span class='ocrx_word' id='word_1_136' title='bbox 329 2265 431 2329; x_wconf 87' lang='lat' dir='ltr'>fluens</span> <span class='ocrx_word' id='word_1_137' title='bbox 460 2287 553 2329; x_wconf 89' lang='lat' dir='ltr'>umor</span> <span class='ocrx_word' id='word_1_138' title='bbox 579 2264 776 2347; x_wconf 87' lang='lat' dir='ltr'>abundabit,</span> <span class='ocrx_word' id='word_1_139' title='bbox 804 2263 931 2349; x_wconf 84' lang='lat' dir='ltr'>tegulas</span> <span class='ocrx_word' id='word_1_140' title='bbox 960 2262 1128 2349; x_wconf 88' lang='lat' dir='ltr'>bipedales</span> <span class='ocrx_word' id='word_1_141' title='bbox 1157 2282 1259 2324; x_wconf 88' lang='lat' dir='ltr'>exea</span> <span class='ocrx_word' id='word_1_142' title='bbox 1287 2270 1380 2347; x_wconf 89' lang='lat' dir='ltr'>parte</span> <span class='ocrx_word' id='word_1_143' title='bbox 1407 2281 1472 2344; x_wconf 91' lang='lat' dir='ltr'>qua</span> 
     </span>
     <span class='ocr_line' id='line_1_19' title="bbox 330 2359 1470 2452; baseline -0.006 -23"><span class='ocrx_word' id='word_1_144' title='bbox 330 2390 422 2431; x_wconf 91' lang='lat' dir='ltr'>umor</span> <span class='ocrx_word' id='word_1_145' title='bbox 443 2368 592 2451; x_wconf 86' lang='lat' dir='ltr'>inriguus</span> <span class='ocrx_word' id='word_1_146' title='bbox 615 2376 761 2452; x_wconf 89' lang='lat' dir='ltr'>erumpet</span> <span class='ocrx_word' id='word_1_147' title='bbox 783 2366 959 2449; x_wconf 86' lang='lat' dir='ltr'>diligenter</span> <span class='ocrx_word' id='word_1_148' title='bbox 980 2364 1123 2451; x_wconf 74' lang='lat' dir='ltr'>picabiS,</span> <span class='ocrx_word' id='word_1_149' title='bbox 1146 2385 1188 2426; x_wconf 89' lang='lat' dir='ltr'>ne</span> <span class='ocrx_word' id='word_1_150' title='bbox 1210 2364 1261 2425; x_wconf 91' lang='lat' dir='ltr'>vis</span> <span class='ocrx_word' id='word_1_151' title='bbox 1282 2362 1405 2426; x_wconf 92' lang='lat' dir='ltr'>umoris</span> <span class='ocrx_word' id='word_1_152' title='bbox 1427 2359 1470 2423; x_wconf 90' lang='lat' dir='ltr'>ad</span> 
     </span>
     <span class='ocr_line' id='line_1_20' title="bbox 328 2466 1529 2554; baseline -0.006 -23"><span class='ocrx_word' id='word_1_153' title='bbox 328 2470 499 2554; x_wconf 69' lang='lat' dir='ltr'>parietemv</span> <span class='ocrx_word' id='word_1_154' title='bbox 513 2477 668 2531; x_wconf 90' lang='lat' dir='ltr'>transcat.</span> <span class='ocrx_word' id='word_1_155' title='bbox 713 2489 755 2532; x_wconf 83' lang='lat' dir='ltr'>ex</span> <span class='ocrx_word' id='word_1_156' title='bbox 775 2467 877 2531; x_wconf 90' lang='lat' dir='ltr'>altera</span> <span class='ocrx_word' id='word_1_157' title='bbox 904 2476 1012 2554; x_wconf 88' lang='lat' dir='ltr'>parte,</span> <span class='ocrx_word' id='word_1_158' title='bbox 1041 2488 1104 2551; x_wconf 92' lang='lat' dir='ltr'>qua</span> <span class='ocrx_word' id='word_1_159' title='bbox 1126 2474 1308 2528; x_wconf 89' lang='lat' dir='ltr'>structurae</span> <span class='ocrx_word' id='word_1_160' title='bbox 1332 2466 1470 2546; x_wconf 87' lang='lat' dir='ltr'>iungen-</span> <span class='ocrx_word' id='word_1_161' title='bbox 1526 2531 1529 2535; x_wconf 51' lang='grc'><em>,</em></span> 
     </span>
     <span class='ocr_line' id='line_1_21' title="bbox 328 2563 1470 2656; baseline -0.005 -24"><span class='ocrx_word' id='word_1_162' title='bbox 328 2579 392 2652; x_wconf 86' lang='lat' dir='ltr'>tur,</span> <span class='ocrx_word' id='word_1_163' title='bbox 415 2570 525 2655; x_wconf 83' lang='lat' dir='ltr'>tegula</span> <span class='ocrx_word' id='word_1_164' title='bbox 548 2569 635 2632; x_wconf 90' lang='lat' dir='ltr'>calce</span> <span class='ocrx_word' id='word_1_165' title='bbox 656 2569 782 2656; x_wconf 92' lang='lat' dir='ltr'>liquida</span> <span class='ocrx_word' id='word_1_166' title='bbox 802 2568 946 2651; x_wconf 91' lang='lat' dir='ltr'>linietur,</span> <span class='ocrx_word' id='word_1_167' title='bbox 969 2577 1005 2631; x_wconf 92' lang='lat' dir='ltr'>ut</span> <span class='ocrx_word' id='word_1_168' title='bbox 1027 2567 1157 2631; x_wconf 90' lang='lat' dir='ltr'>facilius</span> <span class='ocrx_word' id='word_1_169' title='bbox 1180 2567 1270 2653; x_wconf 90' lang='lat' dir='ltr'>operi</span> <span class='ocrx_word' id='word_1_170' title='bbox 1292 2563 1470 2628; x_wconf 89' lang='lat' dir='ltr'>adhaerere</span> 
     </span>
     <span class='ocr_line' id='line_1_22' title="bbox 328 2673 1452 2758; baseline -0.005 -24"><span class='ocrx_word' id='word_1_171' title='bbox 328 2673 444 2758; x_wconf 87' lang='lat' dir='ltr'>possit.</span> <span class='ocrx_word' id='word_1_172' title='bbox 1135 2746 1138 2752; x_wconf 28' lang='grc'>,</span> <span class='ocrx_word' id='word_1_173' title='bbox 1450 2752 1452 2756; x_wconf 9' lang='lat'><strong>¹</strong></span> 
     </span>
    </p>

    <p class='ocr_par' dir='ltr' id='par_1_10' title="bbox 277 2768 1620 2857">
     <span class='ocr_line' id='line_1_23' title="bbox 277 2768 1620 2857; baseline -0.005 -19"><span class='ocrx_word' id='word_1_174' title='bbox 277 2796 310 2845; x_wconf 64' lang='grc' dir='ltr'>ρο</span> <span class='ocrx_word' id='word_1_175' title='bbox 413 2773 570 2838; x_wconf 90' lang='lat' dir='ltr'>Triclinia</span> <span class='ocrx_word' id='word_1_176' title='bbox 599 2773 735 2838; x_wconf 91' lang='lat' dir='ltr'>hiberna</span> <span class='ocrx_word' id='word_1_177' title='bbox 762 2795 827 2837; x_wconf 93' lang='lat' dir='ltr'>non</span> <span class='ocrx_word' id='word_1_178' title='bbox 855 2773 1008 2837; x_wconf 89' lang='lat' dir='ltr'>convenit</span> <span class='ocrx_word' id='word_1_179' title='bbox 1040 2770 1220 2857; x_wconf 85' lang='lat' dir='ltr'>grandibus</span> <span class='ocrx_word' id='word_1_180' title='bbox 1251 2770 1388 2857; x_wconf 90' lang='lat' dir='ltr'>picturis</span> <span class='ocrx_word' id='word_1_181' title='bbox 1417 2790 1466 2833; x_wconf 92' lang='lat' dir='ltr'>or·</span> <span class='ocrx_word' id='word_1_182' title='bbox 1480 2768 1551 2809; x_wconf 68' lang='lat' dir='ltr'><strong>XXV·</strong></span> <span class='ocrx_word' id='word_1_183' title='bbox 1575 2770 1620 2810; x_wconf 71' lang='lat' dir='ltr'>rn-</span> 
     </span>
    </p>
   </div>
   <div class='ocr_carea' id='block_1_9' title="bbox 1494 2821 1603 2861">
    <p class='ocr_par' dir='ltr' id='par_1_11' title="bbox 1494 2821 1603 2861">
     <span class='ocr_line' id='line_1_24' title="bbox 1494 2821 1603 2861; baseline 0 -1"><span class='ocrx_word' id='word_1_184' title='bbox 1494 2821 1555 2861; x_wconf 84' lang='lat' dir='ltr'>clinia</span> <span class='ocrx_word' id='word_1_185' title='bbox 1571 2822 1603 2860; x_wconf 87' lang='lat' dir='ltr'>tri-</span> 
     </span>
    </p>
   </div>
   <div class='ocr_carea' id='block_1_10' title="bbox 327 2872 1620 2974">
    <p class='ocr_par' dir='ltr' id='par_1_12' title="bbox 327 2872 1620 2974">
     <span class='ocr_line' id='line_1_25' title="bbox 327 2872 1620 2974; baseline -0.002 -34"><span class='ocrx_word' id='word_1_186' title='bbox 327 2878 414 2960; x_wconf 89' lang='lat' dir='ltr'>nari,</span> <span class='ocrx_word' id='word_1_187' title='bbox 443 2879 595 2963; x_wconf 88' lang='lat' dir='ltr'>quoniam</span> <span class='ocrx_word' id='word_1_188' title='bbox 621 2875 766 2973; x_wconf 69' lang='lat' dir='ltr'>hibernis</span> <span class='ocrx_word' id='word_1_189' title='bbox 794 2876 995 2963; x_wconf 91' lang='lat' dir='ltr'>temporibus</span> <span class='ocrx_word' id='word_1_190' title='bbox 1024 2872 1187 2960; x_wconf 88' lang='lat' dir='ltr'>frequenti</span> <span class='ocrx_word' id='word_1_191' title='bbox 1214 2872 1336 2936; x_wconf 90' lang='lat' dir='ltr'>lumine</span> <span class='ocrx_word' id='word_1_192' title='bbox 1359 2892 1466 2934; x_wconf 91' lang='lat' dir='ltr'>cereo·</span> <span class='ocrx_word' id='word_1_193' title='bbox 1481 2873 1620 2974; x_wconf 53' lang='lat' dir='ltr'>ffiffigffiic&#39;ffij</span> 
     </span>
    </p>
   </div>
   <div class='ocr_carea' id='block_1_11' title="bbox 327 2975 1620 3164">
    <p class='ocr_par' dir='ltr' id='par_1_13' title="bbox 327 2975 1620 3164">
     <span class='ocr_line' id='line_1_26' title="bbox 327 2975 1620 3064; baseline -0.004 -23"><span class='ocrx_word' id='word_1_194' title='bbox 327 3002 400 3042; x_wconf 90' lang='lat' dir='ltr'>rum</span> <span class='ocrx_word' id='word_1_195' title='bbox 425 2987 482 3043; x_wconf 92' lang='lat' dir='ltr'>aut</span> <span class='ocrx_word' id='word_1_196' title='bbox 512 2978 716 3040; x_wconf 88' lang='lat' dir='ltr'>lucernarum</span> <span class='ocrx_word' id='word_1_197' title='bbox 738 2975 883 3041; x_wconf 88' lang='lat' dir='ltr'>fumante</span> <span class='ocrx_word' id='word_1_198' title='bbox 906 2975 1124 3039; x_wconf 90' lang='lat' dir='ltr'>obsolescunt.</span> <span class='ocrx_word' id='word_1_199' title='bbox 1168 2984 1340 3061; x_wconf 90' lang='lat' dir='ltr'>propterca</span> <span class='ocrx_word' id='word_1_200' title='bbox 1362 2982 1395 3036; x_wconf 93' lang='lat' dir='ltr'>et</span> <span class='ocrx_word' id='word_1_201' title='bbox 1417 2993 1468 3034; x_wconf 90' lang='lat' dir='ltr'>ca·</span> <span class='ocrx_word' id='word_1_202' title='bbox 1485 2975 1620 3064; x_wconf 44' lang='lat' dir='ltr'>‘bngffifaft</span> 
     </span>
     <span class='ocr_line' id='line_1_27' title="bbox 327 3072 1612 3164; baseline -0.003 -22"><span class='ocrx_word' id='word_1_203' title='bbox 327 3103 435 3144; x_wconf 91' lang='lat' dir='ltr'>merae</span> <span class='ocrx_word' id='word_1_204' title='bbox 457 3103 566 3144; x_wconf 90' lang='lat' dir='ltr'>corum</span> <span class='ocrx_word' id='word_1_205' title='bbox 588 3078 703 3164; x_wconf 88' lang='lat' dir='ltr'>planae</span> <span class='ocrx_word' id='word_1_206' title='bbox 724 3077 817 3160; x_wconf 89' lang='lat' dir='ltr'>fiunt,</span> <span class='ocrx_word' id='word_1_207' title='bbox 839 3087 877 3142; x_wconf 92' lang='lat' dir='ltr'>ut</span> <span class='ocrx_word' id='word_1_208' title='bbox 899 3078 1029 3147; x_wconf 87' lang='lat' dir='ltr'>detersa</span> <span class='ocrx_word' id='word_1_209' title='bbox 1049 3076 1190 3160; x_wconf 87' lang='lat' dir='ltr'>fuligine</span> <span class='ocrx_word' id='word_1_210' title='bbox 1213 3076 1324 3139; x_wconf 90' lang='lat' dir='ltr'>statim</span> <span class='ocrx_word' id='word_1_211' title='bbox 1339 3072 1466 3136; x_wconf 92' lang='lat' dir='ltr'>inlumi-</span> <span class='ocrx_word' id='word_1_212' title='bbox 1488 3107 1545 3148; x_wconf 56' lang='lat' dir='ltr'>vm,</span> <span class='ocrx_word' id='word_1_213' title='bbox 1560 3110 1579 3158; x_wconf 65' lang='lat'>7,</span> <span class='ocrx_word' id='word_1_214' title='bbox 1592 3111 1612 3147; x_wconf 69' lang='lat'>4,</span> 
     </span>
    </p>
   </div>
   <div class='ocr_carea' id='block_1_12' title="bbox 277 3180 1620 3370">
    <p class='ocr_par' dir='ltr' id='par_1_14' title="bbox 277 3180 1620 3370">
     <span class='ocr_line' id='line_1_28' title="bbox 327 3180 787 3268; baseline -0.004 -23"><span class='ocrx_word' id='word_1_215' title='bbox 327 3193 422 3258; x_wconf 88' lang='lat' dir='ltr'>natus</span> <span class='ocrx_word' id='word_1_216' title='bbox 444 3180 600 3268; x_wconf 90' lang='lat' dir='ltr'>splendor</span> <span class='ocrx_word' id='word_1_217' title='bbox 621 3190 787 3268; x_wconf 77' lang='lat' dir='ltr'>appareat.</span> 
     </span>
     <span class='ocr_line' id='line_1_29' title="bbox 277 3276 1620 3370; baseline -0.013 -18"><span class='ocrx_word' id='word_1_218' title='bbox 277 3305 310 3352; x_wconf 81' lang='lat'>25</span> <span class='ocrx_word' id='word_1_219' title='bbox 411 3285 523 3349; x_wconf 87' lang='lat' dir='ltr'>Etiam</span> <span class='ocrx_word' id='word_1_220' title='bbox 554 3286 815 3370; x_wconf 79' lang='lat' dir='ltr'>pavimentorum</span> <span class='ocrx_word' id='word_1_221' title='bbox 842 3282 933 3347; x_wconf 89' lang='lat' dir='ltr'>utilis</span> <span class='ocrx_word' id='word_1_222' title='bbox 962 3280 1134 3368; x_wconf 87' lang='lat' dir='ltr'>dispositio</span> <span class='ocrx_word' id='word_1_223' title='bbox 1163 3280 1298 3342; x_wconf 85' lang='lat' dir='ltr'>inventa</span> <span class='ocrx_word' id='word_1_224' title='bbox 1325 3276 1466 3340; x_wconf 87' lang='lat' dir='ltr'>videtur.</span> <span class='ocrx_word' id='word_1_225' title='bbox 1481 3276 1561 3338; x_wconf 58' lang='lat' dir='ltr'><strong>XXV*-</strong></span> <span class='ocrx_word' id='word_1_226' title='bbox 1583 3277 1620 3317; x_wconf 47' lang='grc' dir='ltr'>ΡΒ·</span> 
     </span>
    </p>
   </div>
   <div class='ocr_carea' id='block_1_13' title="bbox 1483 3334 1621 3368">
    <p class='ocr_par' dir='ltr' id='par_1_15' title="bbox 1483 3334 1621 3368">
     <span class='ocr_line' id='line_1_30' title="bbox 1483 3334 1621 3368; baseline -0.007 0"><span class='ocrx_word' id='word_1_227' title='bbox 1483 3335 1579 3368; x_wconf 83' lang='lat' dir='ltr'>vinreuta</span> <span class='ocrx_word' id='word_1_228' title='bbox 1598 3334 1621 3367; x_wconf 88' lang='lat' dir='ltr'>ut</span> 
     </span>
    </p>
   </div>
   <div class='ocr_carea' id='block_1_14' title="bbox 327 3377 1621 3471">
    <p class='ocr_par' dir='ltr' id='par_1_16' title="bbox 327 3377 1621 3471">
     <span class='ocr_line' id='line_1_31' title="bbox 327 3377 1621 3471; baseline -0.009 -22"><span class='ocrx_word' id='word_1_229' title='bbox 327 3387 436 3471; x_wconf 90' lang='lat' dir='ltr'>itaque</span> <span class='ocrx_word' id='word_1_230' title='bbox 469 3388 636 3451; x_wconf 87' lang='lat' dir='ltr'>excavatis</span> <span class='ocrx_word' id='word_1_231' title='bbox 663 3387 698 3450; x_wconf 92' lang='lat' dir='ltr'>in</span> <span class='ocrx_word' id='word_1_232' title='bbox 725 3385 826 3450; x_wconf 92' lang='lat' dir='ltr'>altum</span> <span class='ocrx_word' id='word_1_233' title='bbox 869 3383 996 3449; x_wconf 89' lang='lat' dir='ltr'>duobus</span> <span class='ocrx_word' id='word_1_234' title='bbox 1024 3382 1182 3471; x_wconf 91' lang='lat' dir='ltr'>pedibus,</span> <span class='ocrx_word' id='word_1_235' title='bbox 1216 3380 1374 3445; x_wconf 84' lang='lat' dir='ltr'>festucato</span> <span class='ocrx_word' id='word_1_236' title='bbox 1402 3377 1470 3442; x_wconf 87' lang='lat' dir='ltr'>solo</span> <span class='ocrx_word' id='word_1_237' title='bbox 1484 3380 1621 3420; x_wconf 56' lang='lat' dir='ltr'>illim·</span> 
     </span>
    </p>
   </div>
   <div class='ocr_carea' id='block_1_15' title="bbox 1517 3435 1587 3483">
    <p class='ocr_par' dir='ltr' id='par_1_17' title="bbox 1517 3435 1587 3483">
     <span class='ocr_line' id='line_1_32' title="bbox 1517 3435 1587 3483; baseline 0 -14"><span class='ocrx_word' id='word_1_238' title='bbox 1517 3435 1587 3483; x_wconf 80' lang='lat' dir='ltr'>pcant.</span> 
     </span>
    </p>
   </div>
   <div class='ocr_carea' id='block_1_16' title="bbox 1482 3515 1620 3618">
    <p class='ocr_par' dir='ltr' id='par_1_18' title="bbox 1482 3515 1620 3618">
     <span class='ocr_line' id='line_1_33' title="bbox 1495 3515 1609 3561; baseline -0.018 -7"><span class='ocrx_word' id='word_1_239' title='bbox 1495 3515 1551 3554; x_wconf 82' lang='lat' dir='ltr'>viu.</span> <span class='ocrx_word' id='word_1_240' title='bbox 1565 3515 1609 3561; x_wconf 67' lang='lat' dir='ltr'>‘M</span> 
     </span>
     <span class='ocr_line' id='line_1_34' title="bbox 1482 3564 1620 3618; baseline -0.022 -12"><span class='ocrx_word' id='word_1_241' title='bbox 1482 3564 1542 3618; x_wconf 74' lang='lat' dir='ltr'>(ran.</span> <span class='ocrx_word' id='word_1_242' title='bbox 1558 3569 1575 3613; x_wconf 89' lang='lat' dir='ltr'>l,</span> <span class='ocrx_word' id='word_1_243' title='bbox 1591 3565 1620 3612; x_wconf 76' lang='lat'>9).</span> 
     </span>
    </p>
   </div>
   <div class='ocr_carea' id='block_1_17' title="bbox 297 3631 1553 4882">
    <p class='ocr_par' dir='ltr' id='par_1_19' title="bbox 297 3631 1553 4882">
     <span class='ocr_line' id='line_1_35' title="bbox 395 3631 1469 3708; baseline -0.002 -20"><span class='ocrx_word' id='word_1_244' title='bbox 395 3640 624 3692; x_wconf 81' lang='lat' dir='ltr'>2desudescent:</span> <span class='ocrx_word' id='word_1_245' title='bbox 642 3643 681 3690; x_wconf 85' lang='lat' dir='ltr'>sic</span> <span class='ocrx_word' id='word_1_246' title='bbox 697 3657 754 3705; x_wconf 70' lang='lat' dir='ltr'>opp.</span> <span class='ocrx_word' id='word_1_247' title='bbox 779 3639 791 3708; x_wconf 79' lang='grc' dir='ltr'>Η</span> <span class='ocrx_word' id='word_1_248' title='bbox 813 3642 954 3706; x_wconf 85' lang='lat' dir='ltr'>obligatus</span> <span class='ocrx_word' id='word_1_249' title='bbox 973 3644 1028 3695; x_wconf 76' lang='lat' dir='ltr'>ed:</span> <span class='ocrx_word' id='word_1_250' title='bbox 1052 3642 1199 3706; x_wconf 82' lang='lat' dir='ltr'>oblegatur</span> <span class='ocrx_word' id='word_1_251' title='bbox 1222 3636 1293 3702; x_wconf 84' lang='lat' dir='ltr'>(-t²</span> <span class='ocrx_word' id='word_1_252' title='bbox 1313 3636 1358 3702; x_wconf 71' lang='lat' dir='ltr'>pp)</span> <span class='ocrx_word' id='word_1_253' title='bbox 1376 3652 1434 3700; x_wconf 72' lang='lat' dir='ltr'>opy.</span> <span class='ocrx_word' id='word_1_254' title='bbox 1456 3631 1469 3701; x_wconf 80' lang='grc' dir='ltr'>Η</span> 
     </span>
     <span class='ocr_line' id='line_1_36' title="bbox 328 3721 1471 3791; baseline -0.003 -19"><span class='ocrx_word' id='word_1_255' title='bbox 328 3725 345 3772; x_wconf 85' lang='grc'>4</span> <span class='ocrx_word' id='word_1_256' title='bbox 363 3725 506 3774; x_wconf 89' lang='lat' dir='ltr'>coronario</span> <span class='ocrx_word' id='word_1_257' title='bbox 525 3722 572 3787; x_wconf 78' lang='lat' dir='ltr'>(ex</span> <span class='ocrx_word' id='word_1_258' title='bbox 588 3727 667 3774; x_wconf 83' lang='lat' dir='ltr'>inser.</span> <span class='ocrx_word' id='word_1_259' title='bbox 681 3725 746 3786; x_wconf 85' lang='lat' dir='ltr'>ed.):</span> <span class='ocrx_word' id='word_1_260' title='bbox 766 3741 812 3778; x_wconf 91' lang='lat' dir='ltr'>om.</span> <span class='ocrx_word' id='word_1_261' title='bbox 825 3742 881 3789; x_wconf 69' lang='lat' dir='ltr'>opp.</span> <span class='ocrx_word' id='word_1_262' title='bbox 903 3722 917 3791; x_wconf 86' lang='grc' dir='ltr'>ΙΙ</span> <span class='ocrx_word' id='word_1_263' title='bbox 938 3728 954 3776; x_wconf 79' lang='grc' dir='ltr'>ὅ</span> <span class='ocrx_word' id='word_1_264' title='bbox 972 3727 1061 3774; x_wconf 90' lang='lat' dir='ltr'>nitore</span> <span class='ocrx_word' id='word_1_265' title='bbox 1074 3726 1192 3790; x_wconf 85' lang='lat' dir='ltr'>gratiam</span> <span class='ocrx_word' id='word_1_266' title='bbox 1211 3740 1271 3787; x_wconf 70' lang='lat' dir='ltr'>epo:</span> <span class='ocrx_word' id='word_1_267' title='bbox 1291 3724 1380 3771; x_wconf 66' lang='lat' dir='ltr'>nitori</span> <span class='ocrx_word' id='word_1_268' title='bbox 1398 3721 1471 3784; x_wconf 90' lang='lat' dir='ltr'>(—-re</span> 
     </span>
     <span class='ocr_line' id='line_1_37' title="bbox 327 3800 1471 3877; baseline -0.006 -19"><span class='ocrx_word' id='word_1_269' title='bbox 327 3808 352 3871; x_wconf 85' lang='grc' dir='ltr'>υ)</span> <span class='ocrx_word' id='word_1_270' title='bbox 371 3808 469 3877; x_wconf 81' lang='lat' dir='ltr'>gratiae</span> <span class='ocrx_word' id='word_1_271' title='bbox 488 3805 549 3874; x_wconf 75' lang='lat' dir='ltr'>(-e</span> <span class='ocrx_word' id='word_1_272' title='bbox 564 3823 589 3872; x_wconf 76' lang='lat'>9,</span> <span class='ocrx_word' id='word_1_273' title='bbox 608 3824 658 3858; x_wconf 89' lang='lat' dir='ltr'>-e</span> <span class='ocrx_word' id='word_1_274' title='bbox 675 3808 705 3873; x_wconf 86' lang='lat' dir='ltr'>p)</span> <span class='ocrx_word' id='word_1_275' title='bbox 723 3824 779 3873; x_wconf 70' lang='lat' dir='ltr'>opp.</span> <span class='ocrx_word' id='word_1_276' title='bbox 805 3805 817 3874; x_wconf 75' lang='lat' dir='ltr'>ll</span> <span class='ocrx_word' id='word_1_277' title='bbox 839 3810 854 3856; x_wconf 83' lang='grc'><strong>6</strong></span> <span class='ocrx_word' id='word_1_278' title='bbox 874 3809 1040 3872; x_wconf 84' lang='lat' dir='ltr'>adiungatur</span> <span class='ocrx_word' id='word_1_279' title='bbox 1057 3809 1112 3856; x_wconf 69' lang='lat' dir='ltr'>ed:</span> <span class='ocrx_word' id='word_1_280' title='bbox 1131 3811 1267 3871; x_wconf 80' lang='lat' dir='ltr'>—gantur</span> <span class='ocrx_word' id='word_1_281' title='bbox 1284 3821 1342 3869; x_wconf 68' lang='lat' dir='ltr'>opp.</span> <span class='ocrx_word' id='word_1_282' title='bbox 1362 3800 1374 3870; x_wconf 81' lang='lat' dir='ltr'>ss</span> <span class='ocrx_word' id='word_1_283' title='bbox 1398 3805 1471 3855; x_wconf 80' lang='lat' dir='ltr'>&#39;lvi-</span> 
     </span>
     <span class='ocr_line' id='line_1_38' title="bbox 330 3888 1470 3957; baseline -0.006 -15"><span class='ocrx_word' id='word_1_284' title='bbox 330 3894 420 3942; x_wconf 88' lang='lat' dir='ltr'>cinam</span> <span class='ocrx_word' id='word_1_285' title='bbox 439 3891 471 3955; x_wconf 89' lang='lat' dir='ltr'>(o,</span> <span class='ocrx_word' id='word_1_286' title='bbox 489 3894 558 3941; x_wconf 72' lang='lat' dir='ltr'>-na</span> <span class='ocrx_word' id='word_1_287' title='bbox 574 3910 601 3957; x_wconf 86' lang='lat' dir='ltr'>p,</span> <span class='ocrx_word' id='word_1_288' title='bbox 620 3890 735 3957; x_wconf 77' lang='lat' dir='ltr'>-ni19)</span> <span class='ocrx_word' id='word_1_289' title='bbox 760 3893 932 3942; x_wconf 85' lang='lat' dir='ltr'>coronarium</span> <span class='ocrx_word' id='word_1_290' title='bbox 951 3907 1019 3956; x_wconf 91' lang='lat' dir='ltr'>opus</span> <span class='ocrx_word' id='word_1_291' title='bbox 1037 3890 1217 3954; x_wconf 87' lang='lat' dir='ltr'>politionibus</span> <span class='ocrx_word' id='word_1_292' title='bbox 1235 3906 1260 3953; x_wconf 91' lang='lat' dir='ltr'>p.</span> <span class='ocrx_word' id='word_1_293' title='bbox 1282 3893 1310 3937; x_wconf 92' lang='lat' dir='ltr'>et</span> <span class='ocrx_word' id='word_1_294' title='bbox 1328 3888 1470 3937; x_wconf 78' lang='lat' dir='ltr'>camerarii</span> 
     </span>
     <span class='ocr_line' id='line_1_39' title="bbox 328 3970 1469 4042; baseline -0.005 -15"><span class='ocrx_word' id='word_1_295' title='bbox 328 3978 376 4041; x_wconf 82' lang='lat' dir='ltr'>(sic</span> <span class='ocrx_word' id='word_1_296' title='bbox 394 3994 415 4035; x_wconf 89' lang='lat' dir='ltr'>o,</span> <span class='ocrx_word' id='word_1_297' title='bbox 434 3980 545 4028; x_wconf 71' lang='lat' dir='ltr'>cameris</span> <span class='ocrx_word' id='word_1_298' title='bbox 556 3976 603 4042; x_wconf 75' lang='lat' dir='ltr'>pp)</span> <span class='ocrx_word' id='word_1_299' title='bbox 616 3977 808 4040; x_wconf 68' lang='lat' dir='ltr'>subinducitur</span> <span class='ocrx_word' id='word_1_300' title='bbox 819 3977 889 4025; x_wconf 90' lang='lat' dir='ltr'>Nam</span> <span class='ocrx_word' id='word_1_301' title='bbox 903 3974 954 4039; x_wconf 77' lang='lat' dir='ltr'>(Na</span> <span class='ocrx_word' id='word_1_302' title='bbox 969 3973 973 4038; x_wconf 95' lang='grc' dir='ltr'>Ι</span> <span class='ocrx_word' id='word_1_303' title='bbox 988 3974 1015 4037; x_wconf 69' lang='grc' dir='ltr'>ῃ)</span> <span class='ocrx_word' id='word_1_304' title='bbox 1029 3975 1185 4039; x_wconf 82' lang='lat' dir='ltr'>corrumpit.</span> <span class='ocrx_word' id='word_1_305' title='bbox 1197 3975 1235 4022; x_wconf 83' lang='lat' dir='ltr'>sic</span> <span class='ocrx_word' id='word_1_306' title='bbox 1246 3988 1295 4036; x_wconf 72' lang='lat' dir='ltr'>opp</span> <span class='ocrx_word' id='word_1_307' title='bbox 1307 3970 1401 4032; x_wconf 83' lang='lat' dir='ltr'>(vitiat</span> <span class='ocrx_word' id='word_1_308' title='bbox 1413 3986 1469 4022; x_wconf 87' lang='lat' dir='ltr'>cor.</span> 
     </span>
     <span class='ocr_line' id='line_1_40' title="bbox 328 4050 1470 4130; baseline -0.011 -16"><span class='ocrx_word' id='word_1_309' title='bbox 328 4080 370 4130; x_wconf 90' lang='lat' dir='ltr'>op.</span> <span class='ocrx_word' id='word_1_310' title='bbox 383 4064 445 4127; x_wconf 72' lang='lat' dir='ltr'>ed).</span> <span class='ocrx_word' id='word_1_311' title='bbox 461 4060 473 4129; x_wconf 87' lang='grc' dir='ltr'>ΙΙ</span> <span class='ocrx_word' id='word_1_312' title='bbox 491 4066 522 4113; x_wconf 88' lang='grc'>10</span> <span class='ocrx_word' id='word_1_313' title='bbox 541 4063 616 4126; x_wconf 80' lang='lat' dir='ltr'>(idem</span> <span class='ocrx_word' id='word_1_314' title='bbox 630 4062 672 4127; x_wconf 78' lang='lat'>12)</span> <span class='ocrx_word' id='word_1_315' title='bbox 685 4061 809 4110; x_wconf 88' lang='lat' dir='ltr'>manauit</span> <span class='ocrx_word' id='word_1_316' title='bbox 820 4078 876 4126; x_wconf 70' lang='lat' dir='ltr'>opp.</span> <span class='ocrx_word' id='word_1_317' title='bbox 894 4057 906 4126; x_wconf 81' lang='grc' dir='ltr'>ΙΙ</span> <span class='ocrx_word' id='word_1_318' title='bbox 923 4060 1027 4109; x_wconf 88' lang='lat' dir='ltr'>abimo:</span> <span class='ocrx_word' id='word_1_319' title='bbox 1048 4061 1127 4109; x_wconf 89' lang='lat' dir='ltr'>abmo</span> <span class='ocrx_word' id='word_1_320' title='bbox 1139 4075 1161 4108; x_wconf 85' lang='lat' dir='ltr'>v.</span> <span class='ocrx_word' id='word_1_321' title='bbox 1180 4055 1193 4122; x_wconf 90' lang='grc' dir='ltr'>ΙΙ</span> <span class='ocrx_word' id='word_1_322' title='bbox 1210 4054 1323 4106; x_wconf 88' lang='lat' dir='ltr'>testatio</span> <span class='ocrx_word' id='word_1_323' title='bbox 1336 4070 1392 4119; x_wconf 72' lang='lat' dir='ltr'>opp.</span> <span class='ocrx_word' id='word_1_324' title='bbox 1408 4050 1421 4120; x_wconf 76' lang='grc' dir='ltr'>ΙΙ</span> <span class='ocrx_word' id='word_1_325' title='bbox 1439 4057 1470 4102; x_wconf 77' lang='lat'>12</span> 
     </span>
     <span class='ocr_line' id='line_1_41' title="bbox 328 4139 1553 4210; baseline -0.009 -12"><span class='ocrx_word' id='word_1_326' title='bbox 328 4150 415 4198; x_wconf 91' lang='lat' dir='ltr'>maior</span> <span class='ocrx_word' id='word_1_327' title='bbox 432 4149 527 4198; x_wconf 89' lang='lat' dir='ltr'>humor</span> <span class='ocrx_word' id='word_1_328' title='bbox 544 4164 570 4198; x_wconf 86' lang='lat' dir='ltr'>v:</span> <span class='ocrx_word' id='word_1_329' title='bbox 597 4147 693 4196; x_wconf 88' lang='lat' dir='ltr'>humor</span> <span class='ocrx_word' id='word_1_330' title='bbox 716 4146 803 4196; x_wconf 82' lang='lat' dir='ltr'>maior</span> <span class='ocrx_word' id='word_1_331' title='bbox 819 4162 863 4210; x_wconf 71' lang='lat' dir='ltr'>pp.</span> <span class='ocrx_word' id='word_1_332' title='bbox 887 4141 899 4210; x_wconf 83' lang='grc' dir='ltr'>ΙΙ</span> <span class='ocrx_word' id='word_1_333' title='bbox 923 4142 1105 4194; x_wconf 87' lang='lat' dir='ltr'>canalioolum</span> <span class='ocrx_word' id='word_1_334' title='bbox 1129 4161 1151 4193; x_wconf 87' lang='lat' dir='ltr'>o.</span> <span class='ocrx_word' id='word_1_335' title='bbox 1175 4139 1187 4208; x_wconf 84' lang='grc' dir='ltr'>ΙΙ</span> <span class='ocrx_word' id='word_1_336' title='bbox 1216 4143 1249 4190; x_wconf 84' lang='grc'>14</span> <span class='ocrx_word' id='word_1_337' title='bbox 1267 4156 1320 4205; x_wconf 88' lang='lat' dir='ltr'>qua</span> <span class='ocrx_word' id='word_1_338' title='bbox 1337 4155 1398 4203; x_wconf 73' lang='lat' dir='ltr'>opp:</span> <span class='ocrx_word' id='word_1_339' title='bbox 1419 4154 1470 4202; x_wconf 91' lang='lat' dir='ltr'>quo</span> <span class='ocrx_word' id='word_1_340' title='bbox 1551 4189 1553 4193; x_wconf 70' lang='lat'>‚</span> 
     </span>
     <span class='ocr_line' id='line_1_42' title="bbox 326 4218 1471 4300; baseline -0.012 -16"><span class='ocrx_word' id='word_1_341' title='bbox 326 4237 368 4286; x_wconf 80' lang='lat' dir='ltr'>ed.</span> <span class='ocrx_word' id='word_1_342' title='bbox 392 4229 405 4300; x_wconf 76' lang='grc' dir='ltr'>ΙΙ</span> <span class='ocrx_word' id='word_1_343' title='bbox 426 4234 498 4284; x_wconf 88' lang='lat' dir='ltr'>sine:</span> <span class='ocrx_word' id='word_1_344' title='bbox 521 4233 593 4282; x_wconf 85' lang='lat' dir='ltr'>sitne</span> <span class='ocrx_word' id='word_1_345' title='bbox 612 4239 671 4281; x_wconf 82' lang='lat' dir='ltr'>ante</span> <span class='ocrx_word' id='word_1_346' title='bbox 693 4247 762 4283; x_wconf 83' lang='lat' dir='ltr'>corr.</span> <span class='ocrx_word' id='word_1_347' title='bbox 779 4247 804 4295; x_wconf 76' lang='lat' dir='ltr'>y.</span> <span class='ocrx_word' id='word_1_348' title='bbox 826 4227 838 4297; x_wconf 78' lang='grc' dir='ltr'>ΙΙ</span> <span class='ocrx_word' id='word_1_349' title='bbox 861 4229 977 4294; x_wconf 83' lang='lat' dir='ltr'>parietis</span> <span class='ocrx_word' id='word_1_350' title='bbox 994 4239 1037 4293; x_wconf 78' lang='lat'>90:</span> <span class='ocrx_word' id='word_1_351' title='bbox 1056 4232 1132 4277; x_wconf 90' lang='lat' dir='ltr'>-tes</span> <span class='ocrx_word' id='word_1_352' title='bbox 1151 4242 1208 4290; x_wconf 72' lang='lat' dir='ltr'>opp.</span> <span class='ocrx_word' id='word_1_353' title='bbox 1227 4221 1240 4291; x_wconf 86' lang='grc'>11</span> <span class='ocrx_word' id='word_1_354' title='bbox 1259 4224 1363 4274; x_wconf 87' lang='lat' dir='ltr'>afluens</span> <span class='ocrx_word' id='word_1_355' title='bbox 1380 4240 1402 4272; x_wconf 85' lang='lat' dir='ltr'>v.</span> <span class='ocrx_word' id='word_1_356' title='bbox 1414 4218 1426 4287; x_wconf 89' lang='grc' dir='ltr'>Ι]</span> <span class='ocrx_word' id='word_1_357' title='bbox 1440 4223 1471 4270; x_wconf 81' lang='lat'>15</span> 
     </span>
     <span class='ocr_line' id='line_1_43' title="bbox 329 4301 1469 4382; baseline -0.011 -15"><span class='ocrx_word' id='word_1_358' title='bbox 329 4317 481 4367; x_wconf 87' lang='lat' dir='ltr'>abundavit</span> <span class='ocrx_word' id='word_1_359' title='bbox 498 4332 555 4381; x_wconf 72' lang='lat' dir='ltr'>opp.</span> <span class='ocrx_word' id='word_1_360' title='bbox 579 4313 591 4382; x_wconf 80' lang='grc' dir='ltr'>ΙΙ</span> <span class='ocrx_word' id='word_1_361' title='bbox 614 4319 646 4367; x_wconf 85' lang='grc'>16</span> <span class='ocrx_word' id='word_1_362' title='bbox 664 4316 785 4380; x_wconf 87' lang='lat' dir='ltr'>pieabis:</span> <span class='ocrx_word' id='word_1_363' title='bbox 810 4313 923 4379; x_wconf 84' lang='lat' dir='ltr'>pecabis</span> <span class='ocrx_word' id='word_1_364' title='bbox 941 4329 973 4377; x_wconf 79' lang='lat' dir='ltr'>op</span> <span class='ocrx_word' id='word_1_365' title='bbox 992 4319 1017 4361; x_wconf 84' lang='lat' dir='ltr'>et</span> <span class='ocrx_word' id='word_1_366' title='bbox 1035 4321 1095 4362; x_wconf 83' lang='lat' dir='ltr'>ante</span> <span class='ocrx_word' id='word_1_367' title='bbox 1113 4327 1182 4361; x_wconf 84' lang='lat' dir='ltr'>corr.</span> <span class='ocrx_word' id='word_1_368' title='bbox 1201 4328 1216 4377; x_wconf 73' lang='lat' dir='ltr'>p</span> <span class='ocrx_word' id='word_1_369' title='bbox 1239 4305 1435 4374; x_wconf 66' lang='lat' dir='ltr'>(pacabispc).</span> <span class='ocrx_word' id='word_1_370' title='bbox 1456 4301 1469 4369; x_wconf 84' lang='grc' dir='ltr'>ΙΙ</span> 
     </span>
     <span class='ocr_line' id='line_1_44' title="bbox 297 4386 1470 4467; baseline -0.01 -16"><span class='ocrx_word' id='word_1_371' title='bbox 297 4403 300 4406; x_wconf 71' lang='grc'>’</span> <span class='ocrx_word' id='word_1_372' title='bbox 329 4404 359 4452; x_wconf 81' lang='grc'>17</span> <span class='ocrx_word' id='word_1_373' title='bbox 383 4406 542 4467; x_wconf 82' lang='lat' dir='ltr'>iungentur:</span> <span class='ocrx_word' id='word_1_374' title='bbox 569 4403 608 4451; x_wconf 81' lang='lat' dir='ltr'>sic</span> <span class='ocrx_word' id='word_1_375' title='bbox 628 4416 688 4465; x_wconf 72' lang='lat' dir='ltr'>app.</span> <span class='ocrx_word' id='word_1_376' title='bbox 711 4396 723 4466; x_wconf 72' lang='lat' dir='ltr'>ll</span> <span class='ocrx_word' id='word_1_377' title='bbox 747 4400 777 4448; x_wconf 87' lang='lat'>18</span> <span class='ocrx_word' id='word_1_378' title='bbox 801 4399 891 4463; x_wconf 86' lang='lat' dir='ltr'>tignla</span> <span class='ocrx_word' id='word_1_379' title='bbox 913 4415 954 4461; x_wconf 85' lang='lat' dir='ltr'>op.</span> <span class='ocrx_word' id='word_1_380' title='bbox 978 4395 990 4464; x_wconf 81' lang='lat' dir='ltr'>ss</span> <span class='ocrx_word' id='word_1_381' title='bbox 1018 4397 1151 4448; x_wconf 84' lang='lat' dir='ltr'>adherere</span> <span class='ocrx_word' id='word_1_382' title='bbox 1174 4413 1200 4445; x_wconf 85' lang='lat' dir='ltr'>v:</span> <span class='ocrx_word' id='word_1_383' title='bbox 1228 4393 1313 4442; x_wconf 89' lang='lat' dir='ltr'>-reri</span> <span class='ocrx_word' id='word_1_384' title='bbox 1335 4407 1377 4456; x_wconf 74' lang='lat'>119.</span> <span class='ocrx_word' id='word_1_385' title='bbox 1401 4386 1414 4454; x_wconf 81' lang='grc'>11</span> <span class='ocrx_word' id='word_1_386' title='bbox 1439 4392 1470 4439; x_wconf 86' lang='grc'>19</span> 
     </span>
     <span class='ocr_line' id='line_1_45' title="bbox 328 4478 1470 4552; baseline -0.013 -16"><span class='ocrx_word' id='word_1_387' title='bbox 328 4489 414 4551; x_wconf 85' lang='lat' dir='ltr'>possit</span> <span class='ocrx_word' id='word_1_388' title='bbox 432 4504 478 4536; x_wconf 88' lang='lat' dir='ltr'>om.</span> <span class='ocrx_word' id='word_1_389' title='bbox 495 4503 518 4551; x_wconf 76' lang='lat'>9.</span> <span class='ocrx_word' id='word_1_390' title='bbox 542 4483 554 4552; x_wconf 77' lang='grc' dir='ltr'>Η</span> <span class='ocrx_word' id='word_1_391' title='bbox 576 4488 608 4534; x_wconf 80' lang='lat' dir='ltr'>at</span> <span class='ocrx_word' id='word_1_392' title='bbox 629 4485 770 4550; x_wconf 85' lang='lat' dir='ltr'>quoniam:</span> <span class='ocrx_word' id='word_1_393' title='bbox 789 4486 826 4534; x_wconf 80' lang='lat' dir='ltr'>sic</span> <span class='ocrx_word' id='word_1_394' title='bbox 844 4483 922 4548; x_wconf 73' lang='lat' dir='ltr'>(quc)</span> <span class='ocrx_word' id='word_1_395' title='bbox 941 4500 998 4548; x_wconf 74' lang='lat' dir='ltr'>opp.</span> <span class='ocrx_word' id='word_1_396' title='bbox 1021 4478 1034 4547; x_wconf 93' lang='grc' dir='ltr'>ΙΙ</span> <span class='ocrx_word' id='word_1_397' title='bbox 1057 4481 1185 4545; x_wconf 84' lang='lat' dir='ltr'>frequent</span> <span class='ocrx_word' id='word_1_398' title='bbox 1204 4496 1224 4543; x_wconf 83' lang='lat' dir='ltr'>p</span> <span class='ocrx_word' id='word_1_399' title='bbox 1242 4486 1268 4528; x_wconf 81' lang='lat' dir='ltr'>et</span> <span class='ocrx_word' id='word_1_400' title='bbox 1290 4482 1350 4525; x_wconf 83' lang='lat' dir='ltr'>ante</span> <span class='ocrx_word' id='word_1_401' title='bbox 1367 4490 1435 4523; x_wconf 87' lang='lat' dir='ltr'>corr.</span> <span class='ocrx_word' id='word_1_402' title='bbox 1452 4490 1470 4539; x_wconf 73' lang='lat' dir='ltr'>p</span> 
     </span>
     <span class='ocr_line' id='line_1_46' title="bbox 329 4557 1470 4637; baseline -0.011 -18"><span class='ocrx_word' id='word_1_403' title='bbox 329 4571 396 4633; x_wconf 66' lang='lat' dir='ltr'>l—ti</span> <span class='ocrx_word' id='word_1_404' title='bbox 412 4570 476 4635; x_wconf 63' lang='lat' dir='ltr'>yvo).</span> <span class='ocrx_word' id='word_1_405' title='bbox 499 4567 511 4637; x_wconf 80' lang='grc' dir='ltr'>Η</span> <span class='ocrx_word' id='word_1_406' title='bbox 533 4573 566 4619; x_wconf 77' lang='lat'>22</span> <span class='ocrx_word' id='word_1_407' title='bbox 585 4570 763 4621; x_wconf 84' lang='lat' dir='ltr'>obsolescunt</span> <span class='ocrx_word' id='word_1_408' title='bbox 779 4579 820 4634; x_wconf 74' lang='lat'>9⁶:</span> <span class='ocrx_word' id='word_1_409' title='bbox 839 4569 977 4618; x_wconf 81' lang='lat' dir='ltr'>—liscunt</span> <span class='ocrx_word' id='word_1_410' title='bbox 994 4585 1050 4632; x_wconf 66' lang='lat' dir='ltr'>opp.</span> <span class='ocrx_word' id='word_1_411' title='bbox 1069 4563 1081 4632; x_wconf 73' lang='lat' dir='ltr'>ll</span> <span class='ocrx_word' id='word_1_412' title='bbox 1103 4569 1136 4616; x_wconf 79' lang='lat'>23</span> <span class='ocrx_word' id='word_1_413' title='bbox 1155 4564 1263 4629; x_wconf 82' lang='lat' dir='ltr'>fulgine</span> <span class='ocrx_word' id='word_1_414' title='bbox 1280 4578 1306 4625; x_wconf 82' lang='lat' dir='ltr'>p.</span> <span class='ocrx_word' id='word_1_415' title='bbox 1329 4557 1342 4625; x_wconf 78' lang='grc' dir='ltr'>ΙΙ</span> <span class='ocrx_word' id='word_1_416' title='bbox 1365 4558 1470 4608; x_wconf 88' lang='lat' dir='ltr'>inlumi-</span> 
     </span>
     <span class='ocr_line' id='line_1_47' title="bbox 328 4643 1469 4721; baseline -0.007 -20"><span class='ocrx_word' id='word_1_417' title='bbox 328 4652 390 4702; x_wconf 74' lang='lat' dir='ltr'>natq</span> <span class='ocrx_word' id='word_1_418' title='bbox 410 4674 424 4704; x_wconf 91' lang='lat' dir='ltr'>o</span> <span class='ocrx_word' id='word_1_419' title='bbox 443 4653 479 4716; x_wconf 82' lang='lat' dir='ltr'>(in</span> <span class='ocrx_word' id='word_1_420' title='bbox 499 4655 572 4721; x_wconf 63' lang='lat' dir='ltr'>quel</span> <span class='ocrx_word' id='word_1_421' title='bbox 592 4663 721 4721; x_wconf 80' lang='lat' dir='ltr'>utrumque</span> <span class='ocrx_word' id='word_1_422' title='bbox 738 4657 864 4721; x_wconf 72' lang='lat' dir='ltr'>oipnifleat</span> <span class='ocrx_word' id='word_1_423' title='bbox 882 4662 908 4705; x_wconf 83' lang='lat' dir='ltr'>rt</span> <span class='ocrx_word' id='word_1_424' title='bbox 926 4669 969 4704; x_wconf 92' lang='lat' dir='ltr'>-us</span> <span class='ocrx_word' id='word_1_425' title='bbox 987 4660 1011 4704; x_wconf 84' lang='lat' dir='ltr'>et</span> <span class='ocrx_word' id='word_1_426' title='bbox 1032 4651 1099 4712; x_wconf 80' lang='lat' dir='ltr'>·ur):</span> <span class='ocrx_word' id='word_1_427' title='bbox 1123 4643 1283 4699; x_wconf 84' lang='lat' dir='ltr'>inluminat²</span> <span class='ocrx_word' id='word_1_428' title='bbox 1303 4648 1320 4695; x_wconf 87' lang='lat' dir='ltr'>i.</span> <span class='ocrx_word' id='word_1_429' title='bbox 1340 4661 1363 4696; x_wconf 76' lang='lat' dir='ltr'>e.</span> <span class='ocrx_word' id='word_1_430' title='bbox 1381 4643 1469 4706; x_wconf 69' lang='lat' dir='ltr'>-turl</span> 
     </span>
     <span class='ocr_line' id='line_1_48' title="bbox 326 4733 1401 4808; baseline -0.009 -18"><span class='ocrx_word' id='word_1_431' title='bbox 326 4755 370 4803; x_wconf 66' lang='lat' dir='ltr'>pp.</span> <span class='ocrx_word' id='word_1_432' title='bbox 394 4736 405 4805; x_wconf 75' lang='lat' dir='ltr'>ll</span> <span class='ocrx_word' id='word_1_433' title='bbox 427 4743 461 4789; x_wconf 79' lang='lat'>24</span> <span class='ocrx_word' id='word_1_434' title='bbox 479 4742 589 4806; x_wconf 87' lang='lat' dir='ltr'>aperiat</span> <span class='ocrx_word' id='word_1_435' title='bbox 604 4758 630 4807; x_wconf 75' lang='lat' dir='ltr'>p.</span> <span class='ocrx_word' id='word_1_436' title='bbox 653 4738 665 4808; x_wconf 78' lang='lat' dir='ltr'>ll</span> <span class='ocrx_word' id='word_1_437' title='bbox 688 4743 722 4791; x_wconf 78' lang='lat'>25</span> <span class='ocrx_word' id='word_1_438' title='bbox 739 4742 817 4791; x_wconf 88' lang='lat' dir='ltr'>utilis</span> <span class='ocrx_word' id='word_1_439' title='bbox 834 4759 848 4791; x_wconf 85' lang='lat' dir='ltr'>o</span> <span class='ocrx_word' id='word_1_440' title='bbox 866 4739 931 4806; x_wconf 58' lang='grc' dir='ltr'>(θὴς</span> <span class='ocrx_word' id='word_1_441' title='bbox 950 4739 1026 4790; x_wconf 83' lang='lat' dir='ltr'>-les</span> <span class='ocrx_word' id='word_1_442' title='bbox 1043 4754 1086 4803; x_wconf 78' lang='lat' dir='ltr'>pq.</span> <span class='ocrx_word' id='word_1_443' title='bbox 1111 4733 1123 4803; x_wconf 85' lang='grc' dir='ltr'>ΙΙ</span> <span class='ocrx_word' id='word_1_444' title='bbox 1145 4736 1178 4784; x_wconf 82' lang='grc'>26</span> <span class='ocrx_word' id='word_1_445' title='bbox 1196 4733 1325 4785; x_wconf 86' lang='lat' dir='ltr'>fistucato</span> <span class='ocrx_word' id='word_1_446' title='bbox 1342 4747 1401 4796; x_wconf 68' lang='lat' dir='ltr'>app.</span> 
     </span>
     <span class='ocr_line' id='line_1_49' title="bbox 361 4812 1269 4882; baseline -0.011 -5"><span class='ocrx_word' id='word_1_447' title='bbox 361 4840 476 4877; x_wconf 83' lang='lat' dir='ltr'>vrrnnv.</span> <span class='ocrx_word' id='word_1_448' title='bbox 495 4841 531 4875; x_wconf 85' lang='lat' dir='ltr'>nn</span> <span class='ocrx_word' id='word_1_449' title='bbox 550 4841 663 4882; x_wconf 76' lang='lat' dir='ltr'>sacrun.</span> <span class='ocrx_word' id='word_1_450' title='bbox 835 4812 837 4817; x_wconf 33' lang='lat'><strong>¹</strong></span> <span class='ocrx_word' id='word_1_451' title='bbox 1227 4817 1269 4880; x_wconf 78' lang='grc'>20</span> 
     </span>
    </p>
   </div>
   <div class='ocr_carea' id='block_1_18' title="bbox 0 0 1896 5625">
    <p class='ocr_par' dir='ltr' id='par_1_20' title="bbox 0 0 1896 5625">
     <span class='ocr_line' id='line_1_50' title="bbox 0 0 1896 5625; baseline 0 2"><span class='ocrx_word' id='word_1_452' title='bbox 0 0 1896 5625; x_wconf 95' lang='lat' dir='ltr'> </span> 
     </span>
    </p>
   </div>
  </div>
 </body>
</html>
