3784 5625
380 635 444 699 244
869 648 1027 696 vrrauvn

380 807 574 889 βαρουλκον
601 803 757 866 vocitant.
807 803 1007 865 scansorium
1039 811 1148 865 autem
1176 810 1225 864 est
1253 821 1327 864 eum
1354 801 1527 865 machinae

380 908 427 969 ita
455 905 586 968 fuenmt
615 904 799 969 conlocatae
827 912 864 967 ut
891 904 933 966 ad
963 902 1171 967 altitudinem
1204 904 1306 987 tignis
1335 904 1469 967 statutis
1497 913 1528 970 et

380 1007 627 1070 transversariis
651 1005 822 1089 conligatis
844 1006 914 1069 sine
936 1004 1081 1092 periculo
1097 1003 1272 1068 scandatur
1285 1004 1329 1067 ad
1350 1013 1527 1091 apparatus

381 1110 626 1194 spectationem.
670 1118 704 1171 at
732 1106 903 1193 spirabile,
934 1130 1006 1170 cum
1029 1106 1164 1194 spiritus
1188 1115 1236 1169 est
1259 1105 1528 1192 expressionibus

348 1235 363 1280 r,
382 1207 530 1296 inpulsus
553 1219 590 1274 ut
610 1209 728 1297 plagae
752 1230 911 1294 vocesque
927 1231 1113 1293 οργανικως
1128 1209 1362 1293 exprimantur.
1407 1218 1561 1271 tracto-a

378 1314 462 1375 rium
487 1333 564 1376 vcro
588 1334 660 1375 eum
690 1331 786 1374 onera
808 1310 967 1373 machinis
997 1309 1228 1397 pertrahuntur
1249 1319 1286 1373 ut
1308 1310 1351 1372 ad
1379 1307 1529 1372 altitudi-

378 1435 452 1476 nem
476 1412 605 1476 sublata
628 1410 846 1476 conlocentur.
892 1412 1056 1475 scansoria
1077 1411 1160 1474 ratio
1181 1433 1246 1475 non
1261 1420 1331 1474 arte
1346 1409 1405 1474 sed
1428 1410 1530 1474 auda·
1561 1475 1565 1484 ,

379 1516 430 1577 cia
458 1514 624 1597 gloriatur.
665 1535 702 1576 ea
731 1513 991 1578 catenationibus
1019 1522 1051 1576 et
1078 1513 1324 1575 transversariis
1355 1521 1388 1575 et
1418 1510 1531 1599 plexis

380 1614 653 1700 conligationibus
671 1624 702 1678 et
718 1615 943 1679 erismatorum
959 1613 1089 1677 fulturis
1102 1614 1295 1678 continetur.
1323 1634 1407 1699 quae
1419 1623 1532 1677 autem

330 1742 361 1790 10
381 1716 515 1801 spiritus
538 1725 700 1803 potestate
722 1716 866 1779 adsumit
893 1718 1076 1800 ingressus,
1107 1713 1271 1800 elegantes
1294 1716 1375 1779 artis
1398 1713 1532 1778 subtili-

379 1817 502 1881 tatibus
517 1820 725 1904 consequitur
737 1818 879 1886 effcctus.
902 1818 1057 1881 tractoria
1073 1826 1181 1880 autem
1196 1818 1335 1881 maiores
1352 1825 1384 1880 ct
1399 1818 1532 1901 magui-

379 1919 510 1982 ficentia
522 1918 635 2006 plenas
658 1919 757 1982 habet
769 1919 811 1981 ad
827 1918 1003 1983 utilitatem
1017 1919 1275 2007 opportunitates
1294 1927 1326 1981 et
1347 1918 1382 1981 in
1397 1918 1534 2003 agendo

380 2044 453 2085 cum
476 2021 650 2107 prudentia
673 2043 814 2085 summas
839 2022 988 2086 virtutes.
1033 2043 1075 2084 ex
1102 2020 1153 2083 his
1177 2031 1253 2084 sunt
1280 2042 1363 2106 quae
1385 2036 1568 2103 μηχανι-ει

380 2147 462 2206 κως,
491 2122 556 2186 alia
585 2146 773 2207 οργανικως
800 2131 983 2186 moventm·.
1033 2124 1119 2186 inter
1148 2108 1314 2185 machinas
1344 2133 1376 2185 et
1405 2144 1535 2207 organa

330 2249 360 2297 15
379 2224 413 2288 id
436 2224 568 2289 videtur
592 2246 662 2287 csse
684 2224 861 2288 discrimen
884 2224 972 2310 quod
994 2224 1164 2288 machinae
1185 2224 1334 2311 pluribus
1358 2226 1470 2310 operis
1494 2247 1540 2302 ac,

379 2330 413 2390 vi
436 2329 558 2391 maiore
581 2337 739 2411 eoguntur
762 2326 894 2390 effectus
923 2326 1060 2409 habere,
1090 2328 1139 2390 uti
1161 2325 1312 2391 ballistae
1334 2324 1535 2390 torculario-

378 2452 514 2515 rumque
542 2426 641 2515 prela.
693 2451 814 2513 organa
842 2436 952 2492 autem
978 2429 1075 2491 unius
1104 2448 1221 2514 operae
1254 2427 1411 2515 prudenti
1439 2437 1535 2492 tactu

378 2531 551 2617 perficiunt
574 2529 661 2615 quod
689 2540 739 2593 est
768 2529 987 2617 propositum,
1015 2531 1065 2592 uti
1087 2530 1267 2616 scorpionis
1291 2551 1348 2592 seu
1375 2530 1534 2617 anisocy-

379 2633 500 2696 clorum
523 2633 737 2695 versationes.
783 2654 859 2716 ergo
884 2641 917 2695 et
938 2654 1059 2715 organa
1077 2641 1109 2695 et
1131 2630 1355 2695 machinarum
1378 2632 1466 2696 ratio
1491 2633 1536 2695 ad

328 2758 361 2805 ιο
379 2757 473 2797 usum
496 2743 572 2797 sunt
593 2734 793 2816 necessaria,
817 2735 888 2796 sine
911 2732 1028 2820 quibus
1050 2732 1140 2796 nulla
1162 2756 1214 2797 res
1236 2742 1345 2820 potest
1367 2754 1444 2797 esse
1466 2757 1536 2798 non

380 2835 536 2922 inpedita.
581 2836 684 2898 omnis
707 2845 815 2899 autem
839 2845 889 2899 est
911 2835 1108 2899 machinatio
1129 2857 1236 2900 rerum
1258 2844 1375 2900 natura
1397 2858 1535 2921 procrc-
1554 2852 1570 2897 4

379 2948 433 3000 ata
454 2958 492 2998 ac
521 2938 741 3023 praeceptrice
765 2947 796 3001 et
824 2938 982 3022 magistra
1009 2937 1122 3002 mundi
1152 2939 1338 3003 versatione
1365 2939 1546 3037 instituta..

448 3267 461 3314 1
482 3260 641 3331 βαροῦλκον
668 3263 756 3317 Voss:
780 3263 911 3313 baruison
933 3264 1019 3313 EGH.
1044 3260 1055 3330 ll
1078 3266 1216 3317 vocitant:
1239 3267 1297 3315 hinc
1319 3267 1434 3315 transilit
1451 3266 1480 3315 Ε
1499 3269 1538 3317 ud

379 3367 401 3403 c.
422 3351 436 3397 9
455 3351 486 3398 de
508 3351 581 3399 reda.
605 3343 617 3413 ll
640 3348 810 3397 scansorium
834 3351 926 3397 autem
952 3355 993 3398 est
1016 3364 1076 3398 cum
1101 3367 1134 3399 m.
1157 3350 1225 3402 Joc:
1250 3351 1384 3400 scansorir
1409 3355 1476 3401 autc
1500 3369 1537 3403 m.

382 3433 440 3483 GH.
471 3428 482 3495 ll
513 3435 528 3479 2
553 3431 665 3480 fuerunt
688 3432 750 3480 GH:
782 3433 886 3481 fuerint
912 3436 953 3482 ed.
982 3429 993 3498 ll
1022 3437 1036 3483 3
1059 3430 1211 3483 scandant²
1235 3441 1294 3484 unte
1320 3450 1390 3484 corr.
1418 3435 1449 3484 G.
1478 3432 1490 3501 ΙΙ
1520 3439 1538 3486 4

381 3516 596 3580 spectationem:
621 3532 688 3565 -ne
714 3517 766 3565 GII
787 3514 865 3579 (-ne
887 3519 950 3575 Llh,
969 3535 1064 3568 -nem
1082 3518 1116 3582 c).
1139 3514 1151 3584 ll
1175 3525 1282 3584 stepo:
1306 3524 1337 3568 ut
1357 3520 1418 3570 GH.
1439 3517 1452 3584 ΙΙ
1479 3523 1537 3586 spi-

364 3599 470 3665 rabile
492 3599 524 3648 G:
549 3599 680 3663 spirabile
699 3601 726 3648 H
746 3597 785 3662 (2⁶,
806 3601 893 3650 -lcm
911 3602 959 3659 Le,
977 3602 1100 3666 spiritale
1118 3611 1177 3653 ante
1200 3620 1269 3655 corr.
1289 3603 1317 3667 ἱ).
1340 3600 1352 3670 Η
1374 3608 1420 3654 est
1443 3606 1536 3655 Mara

383 3684 407 3732 sc
428 3683 467 3746 (et
487 3683 518 3747 G)
540 3683 598 3733 GH.
623 3681 633 3748 Ι]
657 3685 672 3734 5
692 3689 720 3734 et
739 3682 779 3748 (ut
798 3684 853 3749 epo)
940 3688 1088 3750 organicos
1110 3685 1279 3753 ‹srrprimant‘³
1301 3687 1359 3738 GH.
1384 3684 1397 3754 ΙΙ
1427 3696 1536 3740 tracta-

383 3767 456 3817 toriis
475 3775 533 3816 onte
552 3783 619 3821 corr.
637 3770 673 3822 H.
697 3767 708 3834 ΙΙ
733 3771 796 3819 6ut
815 3771 849 3819 G0
867 3778 892 3819 et
909 3777 1090 3823 autscarius:
1112 3777 1160 3821 aut
1179 3773 1207 3820 H
1230 3773 1319 3834 (azeca
1337 3780 1362 3822 et
1379 3782 1442 3823 ante
1462 3792 1536 3826 corr.

385 3849 427 3917 G).
451 3847 462 3918 ΙΙ
486 3851 746 3918 ἵοοιι(Ι)Ιοοειιἰιιι;
765 3856 802 3904 sic
822 3854 880 3906 GH.
904 3850 915 3919 ΙΙ
939 3855 955 3902 8
975 3859 1002 3904 et
1019 3857 1229 3906 transversariis
1248 3861 1276 3906 et
1292 3856 1384 3922 plexis
1404 3859 1536 3926 conliga-

382 3937 504 3986 tionibus
530 3937 562 3986 G:
591 3954 636 3988 om.
661 3939 693 3986 H
714 3935 793 4002 (Llc).
818 3933 829 4002 ll
857 3939 873 3986 9
896 3937 1086 3989 erismatorum
1110 3937 1210 4002 (—tum
1232 3938 1313 4004 Joc.):
1342 3936 1537 3994 chrismatorir

385 4022 442 4072 GH.
466 4017 477 4087 ll
502 4022 657 4071 continetur
673 4025 728 4075 ed:
752 4024 886 4071 —nentur
906 4022 963 4071 GH.
986 4019 999 4089 fl
1023 4026 1054 4074 10
1072 4027 1213 4088 potestate
1235 4025 1303 4075 loc:
1326 4029 1390 4075 ——te
1414 4028 1472 4076 GH
1495 4032 1537 4091 (lc,

350 4121 352 4125 ’
384 4110 472 4155 -tem
490 4105 534 4170 L),
559 4102 571 4171 Η
595 4108 625 4154 11
645 4106 822 4168 consequitur
839 4106 910 4156 loc:
941 4112 1075 4169 -quetur
1094 4109 1126 4166 G,
1145 4105 1278 4172 —quentq
1298 4109 1330 4158 H
1346 4109 1378 4172 (c,
1399 4117 1483 4161 —tur
1502 4114 1537 4175 L,

384 4195 460 4240 -ter
484 4190 511 4255 l).
540 4187 552 4255 Η
579 4186 759 4254 maiorlaate
782 4206 850 4241 corr.
876 4190 904 4243 G.
933 4186 944 4257 ll
974 4193 1005 4240 13
1028 4190 1356 4255 me(a(1'¹)chanicos...
1381 4198 1538 4259 organicos

387 4273 445 4325 GH.
469 4270 481 4339 Η
506 4275 536 4324 15
555 4276 645 4338 operis
664 4275 753 4324 Sota:
777 4275 881 4340 operib;
902 4275 960 4326 GH.
984 4272 996 4342 ΙΙ
1019 4293 1053 4326 ae
1071 4293 1117 4342 ego
1140 4278 1199 4339 (aut
1216 4277 1299 4344 Joc.):
1328 4282 1359 4326 ut
1378 4279 1439 4330 GH.
1465 4277 1478 4346 ΙΙ
1505 4285 1538 4332 16

384 4359 499 4408 habenti
517 4359 546 4406 H
565 4358 680 4421 (habent
698 4360 739 4408 uti
759 4362 792 4418 L,
812 4359 915 4409 habere
934 4363 975 4409 uti
992 4359 1041 4426 le),
1061 4358 1164 4426 halbet
1181 4362 1221 4411 uti
1241 4361 1269 4412 G.
1290 4357 1302 4427 {l
1324 4361 1462 4414 uallistae
1485 4366 1539 4415 GH

385 4441 538 4503 (ballistiae
557 4445 590 4506 L,
608 4438 713 4508 baliste
732 4441 775 4508 lc).
792 4440 803 4509 {l
821 4447 851 4494 17
870 4444 951 4508 prala
963 4452 1022 4494 ante
1035 4461 1102 4496 corr.
1118 4444 1164 4509 (ae)
1179 4445 1201 4496 G
1218 4444 1327 4510 (praela
1345 4446 1400 4510 H).
1417 4443 1431 4514 ss
1447 4465 1538 4514 opere

385 4527 412 4585 ti.
435 4525 494 4590 rae)
521 4526 578 4577 GH.
602 4525 613 4595 ll
638 4529 669 4577 18
693 4527 764 4592 quod
787 4532 830 4577 est
853 4545 893 4593 p.:
922 4531 960 4578 sic
984 4529 1041 4579 GH.
1065 4525 1077 4595 ss
1106 4531 1324 4594 anisocyclorum
1345 4531 1418 4582 doc:
1447 4533 1537 4585 latini

385 4608 543 4674 sosciclottl
562 4612 589 4669 6,
607 4609 721 4673 lattinis
740 4612 876 4662 osciclorr'r
894 4614 930 4662 H.
956 4608 968 4680 ll
990 4616 1020 4662 21
1041 4618 1084 4663 est
1103 4611 1128 4674 (ὃ
1148 4614 1179 4678 G)
1199 4615 1367 4667 machinatio
1386 4619 1469 4668 reris:
1499 4627 1539 4671 stc

388 4693 448 4742 GH.
471 4689 484 4758 [l
506 4696 538 4742 22
558 4710 591 4744 ac
607 4696 763 4760 §ceptricer
781 4699 819 4746 sic
839 4697 892 4746 GH
908 4694 960 4761 (LI,
980 4715 997 4748 a
1016 4712 1109 4764 praec.
1127 4698 1178 4763 ct).
