3784 5625
378 645 440 709 134
867 657 1022 703 rrruuvn

375 814 525 899 inperitis
548 782 590 876 sit
613 810 896 889 committendum,
925 809 1014 895 ipsos
1045 810 1153 895 potius
1182 808 1350 893 digniores
1381 830 1453 873 esse
1475 810 1518 873 ad

378 937 468 980 suam
490 913 691 979 voluntatem
714 933 810 997 quam
831 910 874 973 ad
895 908 1036 973 alienam
1058 911 1214 995 pecuniae
1229 932 1420 974 consumere
1434 906 1518 975 suin·

377 1039 473 1079 mam.
516 1016 628 1101 itaque
650 1034 744 1077 nemo
766 1009 991 1076 artem'ullam
1012 1010 1110 1074 aliam
1133 1021 1267 1075 conatur
1289 1012 1379 1076 domi
1401 1013 1551 1094 faceret

377 1119 426 1181 uti
449 1118 607 1181 sutrinam
637 1114 824 1179 fullonicam
852 1122 909 1176 aut
931 1114 1112 1177 exceteris
1141 1124 1321 1198 quaesunt
1344 1112 1519 1195 faciliores,

344 1235 359 1281 5
377 1220 442 1283 nisi
463 1218 730 1299 architecturam,
758 1215 833 1280 ideo
856 1214 943 1300 quod
967 1216 1024 1301 qui
1045 1215 1237 1301 profitentur
1263 1238 1329 1279 non
1350 1224 1422 1279 arte
1444 1238 1521 1279 vera

379 1320 437 1386 sed
459 1318 541 1385 falso
563 1320 772 1383 nominantur
799 1315 980 1380 architecti.
1025 1338 1104 1402 quas
1133 1315 1175 1381 ob
1202 1338 1255 1380 res
1278 1321 1395 1404 corpus
1418 1317 1530 1399 archi-⁴

377 1431 524 1485 tecturae
538 1421 746 1504 rationesque
768 1420 835 1482 eius
856 1420 978 1505 putavi·
987 1417 1240 1503 diligentissime
1257 1418 1521 1499 conscribendas,

380 1525 516 1608 opinans
538 1521 573 1584 id
595 1544 712 1584 munus
735 1519 886 1584 omnibus
912 1519 1065 1603 gentibus
1088 1542 1153 1583 uon
1174 1521 1341 1604 ingratum
1362 1520 1521 1584 futurum.

380 1625 481 1709 igitur
504 1624 656 1709 quoniam
683 1623 718 1685 in
741 1622 853 1708 quinto
876 1620 917 1684 de
939 1622 1183 1707 opportunitate
1205 1623 1425 1686 communium
1447 1644 1522 1709 ope-

332 1741 363 1788 10
380 1748 453 1789 rum
485 1724 680 1811 perscripsi,
714 1724 749 1786 in
776 1723 837 1788 hoo
864 1722 1031 1786 volumine
1062 1724 1266 1809 privatorum
1299 1716 1522 1788 aedificiorum

380 1826 644 1890 ratiocinationes
668 1834 699 1888 et
721 1847 923 1889 commensus
947 1826 1209 1911 symmetriarum
1232 1824 1415 1911 explicabo.

351 1942 364 1990 Ι
467 1927 558 1990 Haec
580 1935 688 1989 autern
710 1928 757 1990 ita
779 1935 873 1990 erunt
894 1934 983 1989 recte
1005 1926 1176 2013 disposita,
1200 1928 1228 1990 si
1250 1927 1355 2013 primo
1377 1928 1522 1991 animad-
1541 1940 1553 1987 1

381 2051 513 2093 vorsum
535 2027 635 2091 fuerit
663 2028 782 2113 quibus
809 2027 998 2112 regionibus
1026 2038 1083 2091 aut
1111 2027 1229 2113 quibus
1257 2027 1523 2094 inclinationibus

381 2130 494 2195 mundi
509 2130 757 2194 constituantur.
795 2151 935 2215 namque
949 2128 1045 2194 aliter
1059 2128 1224 2217 Aegypto,
1240 2129 1337 2194 aliter
1351 2130 1523 2218 Hispania,

331 2249 362 2297 15
380 2255 445 2296 nou
473 2226 708 2295 eodemmodo
735 2231 857 2312 Ponto,
892 2229 1095 2312 dissimiliter
1122 2230 1261 2314 Romae,
1295 2232 1374 2295 item
1409 2232 1524 2297 ceteris

380 2343 540 2398 terrarum
563 2341 595 2395 et
616 2333 786 2416 regionum
812 2331 1069 2419 proprietatibus
1096 2342 1245 2418 oportere
1273 2332 1429 2397 videntm·
1450 2357 1523 2399 con-

382 2438 474 2499 stitui
496 2428 616 2519 genera
638 2434 876 2515 aedificiorum,
912 2434 999 2519 quod
1026 2433 1090 2497 alia
1117 2443 1209 2520 parte
1231 2433 1310 2498 solis
1333 2457 1433 2500 cursu
1454 2459 1523 2523 pre-

381 2538 481 2602 mitur
502 2534 614 2617 tellus,
643 2535 708 2599 alia
730 2534 826 2620 longe
847 2535 889 2598 ab
912 2558 949 2601 eo
972 2536 1089 2616 distat,
1112 2535 1176 2598 alia
1198 2558 1256 2622 per
1277 2536 1424 2601 medium
1445 2548 1522 2602 tem-

381 2647 523 2724 peratur.
568 2637 670 2721 igitur
691 2637 741 2701 uti
763 2638 954 2702 constitutio
981 2636 1096 2700 mundi
1118 2636 1161 2699 ad
1183 2645 1289 2701 terrae
1311 2640 1455 2725 spatium
1476 2642 1523 2703 in-

332 2737 558 2804 reclinatione
586 2738 736 2823 signiferi
764 2736 878 2802 circuli
901 2749 933 2803 et
956 2738 1033 2803 solis
1057 2761 1154 2803 cursu
1176 2738 1365 2826 disparibus
1388 2740 1523 2827 qualita-

383 2839 471 2904 tibus
494 2838 687 2903 naturaliter
710 2850 758 2903 est
781 2839 958 2924 conlocata,
981 2841 1185 2904 adeundem
1207 2841 1341 2906 modum
1363 2844 1523 2908 etiamad

382 2942 552 3025 regionum
579 2941 721 3004 rationes
750 2939 894 3026 caelique
916 2944 1093 3007 varietates
1122 2943 1276 3006 videntur
1302 2943 1524 3010 aedificiorum

384 3042 503 3106 debere
525 3041 625 3126 dirigi
647 3041 895 3107 conlocationes.
933 3043 993 3108 sub
1017 3045 1238 3131 septentrione
1259 3045 1411 3110 aedificia
1425 3057 1552 3112 testu-2

384 3144 496 3207 dinata
518 3153 551 3208 et
572 3145 715 3208 maxime
738 3145 890 3209 conclusa
918 3155 950 3209 et
971 3168 1037 3234 non
1059 3147 1203 3232 patentia
1225 3145 1284 3210 sed
1305 3169 1463 3213 conversa
1483 3149 1524 3212 ad

333 3264 365 3312 ⁶35
384 3245 506 3310 calidas
528 3255 637 3332 partes
660 3255 810 3334 oportere
831 3246 903 3310 fieri
924 3247 1089 3333 videntur.
1122 3257 1234 3312 contra
1255 3256 1365 3312 autem
1386 3250 1448 3314 sub
1467 3251 1523 3314 im-

384 3357 462 3434 petu
484 3347 562 3411 solis
584 3348 775 3412 meridianis
803 3349 1010 3433 regionibus,
1040 3348 1126 3434 quod
1153 3359 1345 3436 premuntur
1366 3373 1386 3413 a
1409 3351 1524 3434 calore,

384 3450 567 3535 patentiora
594 3470 815 3536 conversaque
842 3451 885 3513 ad
913 3452 1168 3536 septentrionem
1192 3460 1224 3515 et
1245 3450 1431 3537 aquilonem
1454 3464 1526 3518 sunt

384 3549 548 3613 faciunda.
591 3551 637 3613 ita
660 3552 746 3636 quod
767 3550 853 3615 ultra
879 3560 996 3616 natura
1024 3551 1141 3635 laedit,
1169 3562 1239 3617 arte
1267 3556 1329 3617 erit
1352 3556 1524 3619 emendan-

385 3650 473 3714 dum.
516 3653 595 3715 item
610 3649 743 3738 reliquis
758 3654 948 3738 regionibus
969 3653 1012 3716 ad
1032 3654 1171 3717 eundem
1187 3655 1319 3719 modum
1334 3665 1523 3744 temperata,

335 3782 367 3830 30
386 3753 657 3840 quemadmodum
695 3753 819 3818 caelum
858 3766 908 3820 est
945 3755 988 3818 ad
1026 3754 1268 3821 inclinationem
1305 3758 1420 3824 mundi
1454 3782 1524 3824 con-

384 3854 537 3918 locatum.

400 4015 406 4025 ,
470 3955 562 4019 Haeo
588 3964 698 4020 autem
727 3979 767 4020 ex
795 3967 911 4023 natura
937 3980 1047 4023 rerum
1073 3970 1148 4023 sunt
1174 3955 1469 4027 animadvertenda
1496 3972 1554 4026 113

385 4058 621 4122 consideranda
642 4068 739 4146 atque
762 4060 860 4123 etiam
883 4082 924 4124 ex
939 4061 1095 4126 membris
1111 4062 1366 4148 corporibusque
1380 4067 1526 4148 gentium

455 4284 470 4332 8
489 4282 516 4331 id
534 4297 631 4332 munus
649 4284 702 4332 ed:
727 4284 853 4369 innumus
872 4284 951 4333 EGH
968 4283 1012 4348 (lc,
1032 4285 1085 4335 hoe
1103 4301 1200 4337 munus
1219 4287 1254 4344 L,
1277 4302 1376 4337 munus
1399 4290 1482 4340 deleto
1499 4289 1527 4337 in

388 4366 442 4428 60).
465 4362 477 4431 ΙΙ
502 4369 532 4415 11
551 4366 750 4419 rationationes
768 4375 827 4418 ante
845 4384 914 4418 corr.
933 4369 971 4418 H.
994 4365 1006 4434 ΙΙ
1030 4372 1061 4420 15
1079 4371 1157 4420 1111111
1180 4371 1205 4419 E
1228 4371 1280 4431 (lte
1299 4371 1342 4434 (J).
1365 4367 1378 4438 ΙΙ
1401 4375 1433 4422 19
1452 4371 1528 4422 ineli-

387 4451 499 4502 uatione
516 4453 556 4502 ed.
576 4451 665 4515 (ree.):
684 4454 712 4502 iu
730 4453 912 4503 inclinatione
930 4454 1017 4508 EGH.
1038 4451 1050 4520 ΙΙ
1070 4458 1102 4505 23
1122 4456 1293 4508 conlationes
1304 4463 1364 4506 uate
1382 4473 1452 4510 corr.
1466 4458 1501 4506 H.
1514 4454 1526 4519 Η

387 4538 420 4584 ‘24
436 4535 563 4598 potentia
581 4536 606 4583 E
624 4536 687 4597 (aon
706 4539 745 4602 G).
762 4535 823 4605 [126
842 4539 953 4603 regibus
970 4547 1030 4589 ante
1041 4556 1110 4590 corr.
1131 4541 1153 4589 G
1171 4539 1233 4603 (aon
1245 4541 1291 4606 Ε).
1312 4538 1324 4606 {l
1346 4543 1381 4591 28
1400 4540 1529 4591 faciunda

390 4620 442 4667 GH
449 4617 508 4680 (L):
523 4619 653 4669 facienda
663 4622 688 4669 Ε
698 4619 751 4685 (lc).
769 4618 781 4687 ll
804 4625 837 4674 28
848 4622 931 4672 ultra:
945 4626 983 4673 sie
996 4623 1084 4693 EGJI.
1101 4621 1114 4690 [1
1129 4626 1386 4690 attemperatum>
1399 4624 1530 4690 (-randa

388 4701 484 4764 Mar.):
512 4705 658 4766 temperari
677 4706 763 4760 EGH.
