3784 5625
374 664 438 730 240
863 678 1021 727 vrrauvu
1058 737 1060 742 ¹

377 856 418 898 ex
435 831 652 899 terebratione
673 832 707 896 in
723 830 975 895 terebrationem
992 831 1113 895 mensis
1132 830 1292 895 vertentis
1305 828 1433 916 perficit
1448 852 1520 894 cur·
1542 842 1571 891 ιο

376 958 458 999 sum.
508 935 617 1020 itaque
640 932 913 1020 quemadmodum
935 931 983 997 sol
1005 955 1063 1019 per
1091 931 1235 997 siderum
1262 932 1369 1018 spatia
1397 931 1522 995 vadens

272 1081 282 1087 -
376 1036 492 1100 dilatat
514 1035 741 1121 contrahitque
776 1035 846 1098 dies
876 1044 908 1097 et
935 1034 1046 1116 horas,
1081 1035 1129 1097 sic
1156 1032 1248 1098 bulla
1280 1034 1316 1096 in
1344 1032 1523 1117 horologiis

375 1138 561 1222 ingrediens
588 1158 647 1223 per
674 1146 796 1222 puncta
830 1144 942 1200 contra
976 1136 1080 1198 centri
1114 1134 1263 1222 tympani
1290 1134 1523 1217 versationem,

342 1257 357 1304 5
376 1238 496 1303 cotidie
518 1260 592 1301 cum
614 1237 811 1302 transfertur
831 1236 904 1299 aliis
928 1236 1129 1323 temporibus
1151 1257 1209 1322 per
1230 1234 1347 1300 latiora
1369 1234 1444 1301 aliis
1467 1258 1525 1323 per

375 1342 566 1425 angustiora
587 1340 709 1427 spatia,
738 1339 912 1403 menstruis
935 1337 1136 1403 finitionibus
1160 1338 1320 1422 imagines
1343 1335 1447 1400 efficit
1468 1337 1524 1400 ho·

374 1464 484 1506 rarum
507 1451 538 1505 et
561 1441 698 1505 dierum.

462 1542 515 1606 De
537 1543 820 1607 administratione
841 1550 951 1605 autem
973 1562 1077 1627 aquae
1099 1539 1373 1628 quemadmodum
1393 1561 1430 1606 se
1444 1548 1528 1605 tem·

377 1653 469 1731 peret
490 1644 533 1706 ad
556 1644 715 1708 rationem
722 1692 730 1725 ,
760 1645 807 1707 sic
836 1644 898 1707 erit
924 1642 1122 1706 faciendum.
1165 1652 1240 1729 post
1266 1641 1407 1708 frontem
1429 1642 1527 1708 horo·
1549 1655 1577 1701 11

330 1766 362 1811 ro
380 1746 458 1829 logii
481 1745 568 1808 intra
596 1744 780 1810 conlocetur
807 1743 978 1809 castellum
1005 1746 1040 1808 in
1061 1743 1161 1831 idque
1182 1766 1241 1832 per
1262 1744 1407 1809 fistulam
1430 1742 1530 1809 saliat

378 1868 463 1933 aqua
486 1857 518 1909 et
540 1848 581 1910 in'
596 1848 661 1911 imo
682 1847 802 1911 habeat
825 1869 952 1911 cavum.
996 1845 1039 1909 ad
1061 1845 1096 1910 id
1117 1856 1225 1911 autem
1247 1845 1395 1919 adfixum
1417 1847 1463 1911 sit
1486 1867 1531 1909 ex

377 1970 453 2012 aere
477 1958 666 2036 tympanum
688 1948 812 2013 habens
835 1948 998 2031 foramen,
1022 1969 1080 2035 per
1102 1948 1189 2034 quod
1212 1970 1255 2011 ex
1276 1946 1411 2013 castello
1433 1950 1470 2012 in
1493 1948 1531 2011 id

360 2044 463 2135 ‘aqua
485 2051 610 2114 influat.
656 2050 690 2113 in
712 2072 749 2115 eo
771 2060 879 2114 autem
902 2051 1010 2114 minus
1033 2060 1224 2137 tympanum
1247 2046 1435 2114 includatur
1459 2072 1531 2114 car-

380 2151 513 2218 dinibus
543 2174 584 2216 ex
612 2162 705 2216 torno
733 2151 876 2216 masculo
900 2160 931 2215 et
953 2150 1075 2215 femina
1103 2152 1188 2215 inter
1215 2172 1250 2214 se
1277 2152 1453 2235 coartatis,
1482 2153 1533 2216 ita

331 2271 361 2319 15
378 2255 428 2318 uti
454 2254 562 2317 minus
590 2262 781 2339 tympanum
810 2252 1083 2340 quemadmodum
1111 2252 1317 2340 epistomium
1345 2254 1381 2317 in
1403 2255 1533 2318 maiore

379 2353 629 2441 circumagendo
652 2366 722 2419 arte
744 2354 925 2441 leniterque
944 2363 1107 2420 versetur.
1152 2355 1284 2419 maioris
1306 2364 1419 2419 autem
1441 2366 1530 2443 tym-
1553 2366 1583 2413 tt>

378 2458 455 2543 pani
478 2456 605 2521 labrum
621 2458 733 2543 aequis
749 2456 932 2521 intervallis
954 2473 1089 2521 cccnxv
1111 2466 1232 2544 puncta
1248 2455 1369 2521 habeat
1383 2458 1530 2543 signata,
1572 2458 1582 2479 '

378 2561 484 2622 minor
506 2581 585 2623 vero
607 2557 773 2623 orbiculus
802 2559 836 2622 in
865 2569 1012 2623 extrema
1040 2559 1250 2622 circinatione
1278 2558 1379 2622 fixam
1405 2558 1534 2624 habeat

380 2657 548 2744 lingulam,
572 2662 664 2724 cuius
688 2682 843 2723 cacumen
866 2660 988 2745 dirigat
1010 2660 1052 2723 ad
1074 2668 1268 2746 punctorum
1289 2661 1456 2746 regiones,
1479 2662 1532 2725 in-

329 2780 362 2827 20
381 2783 443 2847 que
465 2783 502 2826 eo
524 2759 671 2826 orbiculo
693 2769 908 2848 temperatum
931 2763 975 2827 sit
997 2761 1158 2845 foramen,
1182 2762 1259 2849 quia
1280 2763 1315 2827 in
1331 2771 1532 2851 tympanum

380 2885 466 2950 aqua
488 2863 595 2927 influit
623 2884 681 2950 per
703 2863 738 2926 id
762 2873 794 2928 et
816 2873 926 2928 servat
947 2862 1297 2928 administrationem..
1320 2887 1394 2928 cum
1416 2868 1547 2930 autem'

380 2966 416 3028 in
437 2965 570 3028 maioris
592 2967 742 3052 tympani
764 2964 855 3030 labro
878 2965 1000 3029 fuerint
1022 2967 1189 3051 signorum
1212 2966 1402 3031 caelestium
1419 2967 1533 3033 defor-

382 3067 550 3149 mationes,
573 3065 608 3130 id
630 3075 738 3130 autem
760 3068 803 3131 sit
825 3068 998 3149 inmotum,
1022 3068 1057 3131 in
1078 3065 1204 3132 'summo
1226 3067 1344 3132 habeat
1367 3066 1534 3133 deforma-

380 3177 450 3232 tum
466 3169 575 3232 cancri
598 3169 738 3253 signum,
762 3169 805 3232 ad
827 3167 1096 3256 perpendiculum
1115 3170 1185 3233 eius
1200 3170 1235 3233 in
1250 3170 1315 3234 imo
1331 3171 1533 3258 capricorni,

330 3288 364 3336 25
381 3271 423 3333 ad
446 3269 596 3334 dextram
623 3272 802 3357 spectantis
830 3269 950 3353 librae,
977 3270 1020 3334 ad
1048 3272 1215 3335 sinistram
1242 3271 1354 3335 arietis
1382 3274 1533 3358 signum,

383 3380 554 3456 ceteraque
575 3373 661 3435 inter
684 3393 794 3437 eorum
817 3374 923 3459 spatia
945 3371 1115 3458 designata
1138 3373 1214 3455 sint,
1236 3372 1285 3438 uti
1306 3374 1341 3436 in
1363 3373 1456 3440 caelo
1480 3377 1533 3440 vi·

383 3472 511 3535 dentur.
546 3473 649 3556 igitur
671 3494 744 3537 cum
767 3473 815 3538 sol
836 3473 936 3540 fuerit
958 3474 994 3538 in
1016 3475 1216 3562 capricorno,
1239 3472 1379 3539 orbiculi
1400 3472 1535 3560 lingula
1557 3487 1585 3534 13

453 3715 465 3762 1
486 3727 602 3764 cursum.
626 3713 722 3780 itaque
745 3730 805 3779 epo:
829 3729 937 3767 cursum
956 3730 1041 3766 snum.
1065 3716 1160 3780 itaque
1185 3716 1243 3765 GH.
1265 3710 1278 3781 ΙΙ
1301 3716 1318 3765 6
1338 3715 1478 3781 imagines
1497 3718 1534 3769 G:

385 3797 460 3847 *nis
482 3798 514 3846 H
529 3796 608 3864 (Llc).
634 3795 647 3866 Η
667 3799 684 3848 8
704 3798 972 3862 leadministrationo
997 3799 1019 3851 G
1042 3801 1094 3861 (uhi
1114 3802 1224 3851 litteram
1245 3800 1271 3848 D
1296 3800 1322 3849 in
1344 3800 1418 3852 initio
1440 3817 1535 3852 verrin

381 3872 490 3947 pioperc
509 3882 598 3935 obiitus
615 3890 654 3934 cst
672 3884 836 3948 rubricator),
855 3883 888 3934 de
908 3884 1149 3936 administratione
1165 3887 1195 3934 H
1207 3884 1287 3947 (,-ue
1305 3880 1374 3948 hic).
1397 3880 1410 3951 ΙΙ
1435 3887 1469 3936 10
1489 3901 1535 3936 sa-

384 3964 437 4016 liat
460 3981 534 4030 aqua
559 3968 580 4017 G
604 3964 664 4034 (L):
692 3968 796 4018 saliatu
815 3983 885 4033 quae
904 3968 935 4016 H
956 3967 1053 4031 (saliat
1076 3985 1147 4035 aque
1169 3968 1214 4034 lc).
1239 3964 1252 4036 ΙΙ
1276 3970 1308 4018 12
1329 3966 1439 4019 habens
1462 3969 1535 4020 tello

384 4048 458 4115 iniid
478 4053 500 4101 G
518 4053 575 4116 (sed
592 4069 656 4119 quae
668 4054 760 4104 omissa
771 4060 829 4103 sunt
840 4060 899 4117 post
911 4052 1017 4103 habens
1028 4059 1113 4119 suppl.
1134 4054 1169 4103 G0
1185 4055 1274 4104 soram
1293 4068 1312 4118 p
1330 4052 1367 4117 qd
1378 4067 1413 4102 ex
1433 4054 1507 4116 cas).
1520 4055 1532 4119 ij

385 4137 417 4185 14
435 4152 467 4185 ex
486 4137 542 4186 ed:
567 4134 648 4202 &(et
667 4136 699 4199 G)
721 4137 779 4187 GH.
802 4132 813 4204 Η
839 4137 941 4187 roartis
959 4145 1105 4191 anterorr.
1126 4141 1157 4191 G.
1180 4134 1191 4203 Η
1216 4139 1247 4188 15
1266 4136 1440 4202 epistomium
1458 4138 1536 4190 doc:

384 4220 536 4284 epitonium
555 4221 613 4274 GH,
636 4216 649 4288 li
672 4222 704 4270 16
722 4221 834 4271 maioris
854 4222 887 4271 G:
908 4237 985 4271 -res
1003 4222 1034 4271 H
1045 4220 1125 4287 (Llc).
1151 4219 1162 4287 ΙΙ
1185 4224 1217 4272 18
1235 4219 1448 4286 circiifixiante
1460 4239 1535 4272 corr.

385 4303 554 4367 (-natione)
578 4306 608 4355 G.
632 4301 643 4371 ΙΙ
667 4307 699 4356 19
721 4304 854 4370 lingulam
872 4308 893 4358 i:
918 4305 1033 4370 ligulam
1054 4307 1108 4356 GH
1121 4305 1207 4370 (Leo).
1231 4303 1243 4373 ΙΙ
1266 4309 1299 4358 20
1311 4306 1377 4369 quia
1394 4307 1428 4354 H
1444 4305 1534 4371 (L'e):

384 4403 439 4452 qua
458 4389 494 4453 G„
509 4386 521 4455 ll
542 4390 574 4439 22
591 4386 671 4440 labro
692 4391 725 4440 G:
752 4390 823 4460 libro
840 4390 873 4438 H
887 4391 944 4454 (Li,
963 4389 1028 4440 libri
1044 4393 1101 4451 etc,
1123 4391 1194 4442 labri
1211 4390 1276 4455 eci).
1297 4386 1309 4457 ΙΙ
1333 4393 1366 4440 23
1383 4391 1534 4456 inmotum,

384 4473 414 4522 in
436 4473 519 4526 Man:
548 4474 680 4525 inmotum
703 4478 731 4524 et
753 4475 783 4523 in
806 4475 864 4524 GH.
890 4472 902 4540 Η
929 4476 963 4524 24
981 4476 1075 4526 cancri
1099 4477 1121 4526 G
1142 4474 1239 4539 (Lcle):
1267 4475 1362 4529 caneri
1384 4475 1417 4523 H
1438 4473 1498 4538 (L).
1520 4480 1532 4540 j}

384 4556 491 4622 signum
510 4560 550 4608 ed.
571 4558 659 4625 (rec.):
678 4559 791 4624 signorir
811 4559 869 4612 GH.
885 4555 897 4626 ss
913 4561 946 4608 25
959 4561 1111 4624 spectantis
1129 4560 1184 4611 ed:
1205 4564 1281 4609 -tes
1300 4558 1359 4612 GH.
1382 4555 1395 4624 ΙΙ
1419 4559 1534 4624 signum

384 4656 451 4693 rea:
475 4643 548 4707 signi
567 4642 626 4697 GH.
649 4640 661 4709 ΙΙ
683 4645 716 4694 27
735 4644 909 4709 capricorno,
932 4643 1051 4695 orbiculi
1069 4645 1201 4695 Perrmdt:
1225 4644 1379 4711 capricorni
1404 4643 1534 4694 orbiculo

387 4723 445 4774 GH.
470 4723 483 4792 li
503 4726 590 4791 ligula
609 4726 660 4777 GH
679 4725 715 4795 (ut
733 4745 755 4778 o.
777 4731 813 4788 19,
831 4732 880 4780 red
894 4746 917 4781 v.
936 4733 995 4793 dp.
1012 4745 1066 4796 req.
1084 4728 1191 4795 lingula
1210 4727 1280 4794 GH).
