3784 5625
697 665 744 714 na
766 657 1034 716 lacnrrrcrnar
1056 668 1125 715 ma.
1149 670 1209 717 vn.
1274 715 1276 718 ,
1463 654 1524 719 159

379 820 452 885 triis
483 820 667 884 doricorum
699 821 803 884 edidit
825 819 993 904 volumen,
1023 820 1065 883 de
1093 820 1173 884 aede
1201 820 1336 886 Iunonis
1365 844 1446 908 quae
1474 833 1523 886 est

381 922 471 987 Sami
504 910 615 985 dorica
637 921 844 1003 Theodorus,
874 910 915 985 de
943 923 1050 988 ionica
1072 922 1197 1009 Ephesi
1220 945 1303 1009 quae
1324 933 1374 987 est
1395 923 1522 986 Dianae

309 1098 318 1115 ἡ
380 1022 603 1107 Chersiphron
626 1032 657 1086 et
672 1022 873 1108 Metagenes,
897 1023 938 1086 de
961 1023 1037 1088 fano
1060 1024 1229 1087 Minervae
1252 1023 1339 1110 quod
1361 1033 1410 1087 est
1432 1025 1521 1087 Pric-

378 1145 440 1187 nae
469 1125 612 1187 ionicum
635 1123 794 1210 Pytheos,
824 1126 903 1187 item
932 1124 973 1187 de
1000 1126 1081 1188 aede
1103 1125 1273 1190 Minervae
1301 1126 1413 1190 dorica
1441 1148 1523 1211 quae

380 1234 429 1289 est
452 1223 592 1289 Athenis
614 1226 650 1287 in
671 1247 745 1288 arce
767 1226 890 1290 Ictinos
913 1234 945 1288 et
967 1226 1120 1313 Carpion,
1144 1226 1334 1291 Theodorus
1356 1227 1522 1292 Phocaeus
1541 1241 1557 1289 5

380 1325 421 1388 de
436 1324 525 1390 tholo
548 1326 603 1411 qui
626 1335 676 1389 est
690 1326 840 1413 Delphis,
865 1326 959 1391 Philo
982 1327 1031 1390 de
1045 1327 1173 1391 aedium
1197 1350 1361 1391 sacrarum
1384 1351 1522 1415 symme-

379 1428 452 1491 triis
469 1436 501 1490 et
524 1425 565 1506 de
587 1429 835 1491 armamentario
859 1427 943 1513 quod
967 1428 1090 1515 fecerat
1106 1429 1233 1492 Piraeei
1256 1438 1361 1515 portu,
1385 1429 1522 1495 Hermo-

379 1550 479 1612 genes
514 1527 555 1590 de
576 1528 668 1602 ¹aede
695 1530 823 1592 Dianae
850 1530 958 1593 ionica
986 1552 1069 1616 quae
1097 1538 1146 1594 est
1167 1526 1357 1614 Magnesiae
1385 1532 1522 1616 pseudo·

380 1630 526 1716 dipteros
560 1638 592 1692 et
624 1629 738 1693 Liberi
765 1631 872 1719 Patris
900 1631 968 1696 Teo
1002 1640 1208 1718 monopteros
1220 1680 1229 1712 ,
1262 1632 1341 1693 item
1367 1620 1523 1695 Arcesius
1612 1699 1615 1703 ,

380 1730 421 1793 de
463 1731 663 1818 symmetriis
707 1731 876 1795 corinthiis
914 1741 946 1796 et
983 1734 1088 1798 ionico
1125 1730 1290 1795 Trallibus
1326 1723 1523 1818 A‘esculapio
1543 1743 1574 1796 ro

380 1831 467 1917 quod
495 1833 593 1895 etiam
619 1833 690 1917 ipse
711 1854 770 1896 sua
791 1856 888 1897 manu
911 1832 1033 1897 dicitur
1053 1834 1187 1916 fecisse,
1211 1832 1252 1896 de
1274 1833 1441 1899 Mausoleo
1466 1835 1522 1898 Sa-

378 1943 471 2018 tyrus
500 1941 532 1996 et
554 1932 715 2019 Pytheos,
742 1934 861 2019 quibus
883 1955 962 1999 vero
984 1933 1124 1999 felicitas
1147 1936 1326 1997 maximum
1344 1949 1522 1999 'summum-

346 2051 360 2097 3
379 2056 441 2119 que
469 2033 607 2099 contulit
633 2055 761 2099 munus.
805 2059 941 2122 quorum
969 2037 1055 2099 enim
1076 2045 1162 2100 artes
1184 2059 1265 2100 aevo
1287 2047 1444 2123 perpetuo
1466 2060 1522 2102 no-

378 2134 556 2200 bilissimas
584 2133 696 2199 laudes
725 2145 756 2199 et
784 2140 981 2223 sempiterno
1008 2138 1161 2201 florentes
1183 2137 1304 2201 hahere
1325 2139 1521 2219 iudicantur,

379 2238 575 2321 excogitatis
606 2238 753 2321 egregias
782 2260 895 2326 operas
923 2241 1167 2326 praestiterunt.
1216 2259 1355 2322 namque
1383 2238 1521 2323 singuiis
1542 2256 1572 2302 15

375 2331 541 2402 ¹frontibus
565 2329 848 2422 singuli‘artifices
872 2349 1080 2425 sumpserunt
1103 2340 1252 2401 certatim
1273 2348 1383 2423 partes
1405 2339 1447 2401 ad
1471 2362 1520 2402 or-

377 2439 522 2503 nandum
545 2422 577 2501 et
599 2438 802 2525 probandum
816 2441 999 2505 Leochares
1015 2440 1157 2526 Bryaxis
1180 2440 1301 2525 Scopas
1324 2438 1520 2522 Praxiteles,
1595 2505 1598 2508 x

378 2538 526 2606 nonnulli
541 2541 640 2604 etiam
662 2550 777 2628 putant
792 2542 1010 2625 Timotheum,
1034 2564 1171 2628 quorum
1192 2542 1272 2604 artis
1296 2542 1440 2603 eminens
1464 2563 1520 2603 ex-

378 2641 530 2705 cellentia
556 2644 664 2727 coegit
691 2643 734 2707 ad
756 2652 881 2730 septem
906 2641 1163 2729 spectaculorum
1185 2643 1255 2706 eius
1277 2643 1384 2728 operis
1406 2664 1519 2728 perve-

331 2761 361 2808 14
378 2745 449 2807 nire
476 2744 608 2807 famam.
651 2754 819 2831 praeterea
845 2746 953 2808 minus
976 2744 1101 2809 nobiles
1123 2742 1217 2808 multi
1239 2751 1412 2831 praecepta
1434 2766 1519 2831 sym·
1538 2759 1572 2807 20

378 2846 566 2910 metriamm
581 2830 860 2933 conscripserunt,
881 2848 929 2910 uti
944 2847 1085 2912 Nexaris
1101 2847 1293 2933 Theocydes
1308 2845 1520 2932 Demophilos

448 3011 752 3070 1i0n0nisanteeorr‘.
771 3021 807 3072 H.
831 3016 843 3086 Η
871 3022 886 3068 2
910 3019 985 3069 Sami
1006 3023 1060 3071 ed:
1089 3020 1170 3069 samii
1189 3021 1246 3073 GH.
1270 3015 1283 3084 Η
1307 3019 1467 3070 zeodoricus
1491 3022 1520 3078 G,

379 3105 510 3155 zeodorus
528 3106 558 3153 H
575 3103 618 3167 (L,
636 3104 764 3153 teodcrus
782 3103 833 3175 le),
843 3107 890 3154 sed
905 3105 977 3166 infra
993 3123 1016 3156 v.
1030 3111 1046 3154 5
1059 3104 1211 3153 'theodorus
1226 3105 1276 3153 GH
1288 3105 1367 3165 (tro,
1386 3107 1519 3154 reodorus

378 3196 437 3239 ante
455 3205 524 3239 corr.
547 3188 575 3252 l).
600 3185 612 3253 Η
635 3188 668 3237 de
691 3188 784 3237 ionica
806 3188 883 3239 Solon.
907 3188 1011 3251 (ionica
1029 3187 1095 3252 ed.):
1122 3188 1231 3236 ionicae
1252 3188 1310 3240 GH.
1336 3185 1348 3253 Η
1371 3191 1386 3237 3
1410 3188 1520 3238 Chersi-

377 3273 465 3337 phron
484 3272 573 3322 Sota:
601 3272 748 3336 cresiphon
772 3273 829 3323 GH.
857 3271 870 3339 Η
896 3273 1011 3338 prienae
1034 3270 1114 3335 (—ne
1134 3272 1167 3330 G,
1189 3286 1257 3336 —ne
1281 3272 1337 3334 G⁶):
1365 3274 1402 3321 aie
1426 3270 1517 3337 GH.¹ll

377 3361 394 3407 4
411 3356 533 3422 Pytheos
553 3354 670 3420 (Selindz
688 3356 794 3420 phliecs
814 3358 835 3406 G
852 3355 893 3422 (t),
911 3357 1026 3422 phyleos
1048 3357 1077 3404 H
1099 3355 1168 3419 (Le),
1192 3352 1204 3420 Η
1227 3356 1322 3405 dorica
1344 3357 1423 3406 Pati:
1448 3356 1519 3410 dori·

378 3456 429 3490 cae
447 3441 536 3504 (deria
554 3447 613 3490 ante
631 3456 699 3491 corr.
720 3441 751 3504 G,
770 3440 862 3491 dorice
884 3440 928 3505 G0)
950 3441 1008 3491 GH.
1033 3437 1045 3506 Η
1068 3440 1208 3490 blotinos
1228 3441 1324 3503 (—nus
1341 3440 1423 3502 Joe.):
1442 3442 1520 3490 ictio-

377 3541 428 3575 nos
447 3525 505 3575 GH.
529 3521 541 3590 Η
564 3525 711 3575 6sacron'1
731 3525 760 3578 G.
776 3521 788 3590 Η
806 3526 820 3574 ‘1
839 3526 1051 3575 armamentario
1069 3527 1124 3576 ed:
1144 3525 1311 3575 armentario
1331 3525 1389 3578 GH.
1409 3520 1421 3590 Η
1446 3527 1520 3576 feee-

372 3615 423 3682 ‚rat
439 3611 599 3661 Henwterha
617 3610 711 3659 fuerat
730 3610 787 3660 GH.
808 3603 821 3674 Η
844 3610 957 3660 Piraeei
975 3615 1055 3673 portu
1074 3609 1174 3674 (piraei
1191 3610 1220 3658 in
1237 3614 1319 3674 portu
1342 3609 1407 3673 ed.):
1432 3611 1523 3674 piraei

378 3692 488 3760 (pyraei
506 3701 565 3744 ante
582 3709 651 3743 corr.
671 3694 704 3752 G,
723 3694 801 3758 pyrei
825 3691 869 3759 60)
893 3699 974 3758 portu
998 3694 1057 3743 GH.
1083 3688 1095 3758 Η
1124 3693 1347 3759 8dcaeldianaa
1370 3701 1429 3742 onte
1451 3711 1519 3744 corr.

378 3776 434 3843 (qui
451 3781 511 3831 add.
530 3777 574 3840 de)
593 3778 625 3826 H
640 3774 720 3842 (deae
739 3777 821 3841 diane
840 3778 871 3835 L,
890 3777 924 3827 de
942 3777 1005 3843 odia
1023 3778 1104 3826 diane
1127 3777 1155 3838 l).
1179 3774 1190 3842 Η
1217 3778 1309 3829 ionica
1332 3769 1385 3827 ed:
1409 3778 1519 3827 ionicae

379 3862 439 3914 GH.
459 3857 472 3928 Η
494 3862 657 3927 Magnesiae
682 3863 752 3914 Jon:
780 3862 924 3927 magnesia
948 3862 1007 3914 GH.
1035 3859 1047 3928 Η
1073 3861 1164 3911 9Teo
1189 3863 1246 3911 Joe.
1277 3859 1321 3924 (ef.
1341 3879 1370 3925 p.
1396 3860 1518 3925 72,1'5):

376 3945 434 3996 &eo
452 3945 482 3994 H
499 3943 557 4008 (Le,
575 3944 598 3994 e
616 3961 648 3996 eo
666 3946 728 4003 Ιι,1
751 3961 783 3996 co
801 3949 834 4012 l),
854 3951 881 3997 et
899 3962 931 3996 eo
952 3947 982 3996 G.
1005 3942 1017 4012 Η
1044 3949 1217 4009 monopteros
1241 3946 1275 3994 G:
1302 3950 1473 3996 monccteros
1490 3947 1522 3993 II

378 4029 459 4096 (Llc).
483 4025 495 4095 Η
518 4029 650 4080 Arcesius
673 4029 718 4092 (ef.
740 4047 768 4094 p.
793 4031 832 4090 90,
851 4030 910 4093 22):
939 4030 1060 4094 argelius
1085 4029 1138 4078 GH
1159 4028 1204 4091 (lc,
1228 4028 1360 4092 argellius
1382 4027 1427 4093 L).
1450 4026 1462 4092 Η
1487 4031 1515 4077 11

377 4113 539 4164 manusolco
552 4110 688 4165 ante‘eorr.
702 4118 732 4164 ic.
749 4112 761 4181 Η
776 4119 884 4165 saturus
900 4116 959 4166 GH.
976 4111 987 4180 Η
1005 4116 1036 4163 12
1048 4114 1181 4179 Pytheos:
1200 4113 1309 4176 phiteus
1323 4113 1376 4162 GH
1386 4111 1438 4177 (Li,
1451 4112 1517 4177 phy·
1579 4108 1583 4120 “

376 4203 440 4259 teus
458 4197 510 4262 cla).
532 4195 543 4265 Η
566 4213 644 4250 vero:
662 4204 699 4249 sic
719 4200 776 4251 GH.
800 4196 811 4264 Η
834 4199 980 4248 maximum
1003 4212 1202 4261 summumque:
1224 4199 1262 4245 aie
1282 4196 1339 4248 GH.
1364 4193 1376 4262 Η
1399 4199 1430 4244 14
1448 4212 1518 4246 sem-

375 4275 551 4348 piternos'G.
574 4279 586 4349 Η
611 4287 642 4334 15
661 4283 824 4348 excogitatis
842 4299 901 4347 epo:
926 4287 955 4332 at
978 4283 1108 4347 cogitatis
1128 4283 1186 4332 GH.
1210 4276 1222 4346 Η
1251 4283 1282 4330 16
1305 4281 1440 4330 frontibus
1462 4281 1518 4330 sin·

364 4359 436 4432 'guli
456 4369 490 4418 G:
511 4366 649 4419 frontibus
667 4367 785 4432 singulis
803 4367 834 4414 H
849 4363 900 4428 (Li,
920 4383 966 4419 om.
985 4362 1064 4431 61).Ιὶ
1081 4369 1111 4416 17
1129 4367 1222 4415 brixes
1243 4366 1272 4427 G,
1290 4365 1409 4430 bryaxes
1426 4365 1458 4413 H
1474 4365 1516 4428 (le,

375 4451 507 4517 briyaxes
526 4451 570 4515 L).
586 4448 599 4518 Η
615 4451 721 4516 Scopas
733 4453 803 4501 don:
823 4450 942 4515 scaphas
963 4451 1016 4502 GH
1030 4450 1115 4512 (teca
1133 4449 1234 4514 scapha
1252 4456 1312 4500 ante
1328 4465 1398 4500 corr.
1416 4466 1437 4509 c,
1455 4464 1517 4499 sca·

375 4536 445 4601 phes
462 4535 491 4600 l).
514 4533 693 4609 {l'praxitolis
713 4535 771 4588 GH.
794 4530 806 4600 Η
830 4537 861 4584 19
880 4536 957 4599 cogit
976 4534 1006 4586 G.
1025 4530 1038 4600 Η
1057 4536 1090 4584 20
1108 4534 1188 4583 multi
1204 4535 1236 4583 H
1251 4533 1334 4599 (Lle):
1353 4533 1439 4583 multa
1459 4536 1487 4586 G.
1503 4533 1515 4597 Η

374 4623 408 4671 21
426 4622 470 4671 uti
487 4621 598 4672 nexaris
617 4621 638 4670 G
656 4617 723 4684 (ch),
742 4623 773 4669 ut
790 4619 912 4670 inexaris
933 4619 966 4669 H
984 4617 1047 4684 (Lo.
1067 4613 1081 4686 Η
1103 4619 1244 4671 theocides
1267 4617 1303 4668 H.
1330 4614 1343 4687 Η
1372 4617 1517 4685 demophy-

372 4707 417 4759 los
434 4705 472 4756 H.
