3784 5625
395 658 455 721 176
627 634 636 654 ’
886 670 1043 716 vmauvu

394 847 490 910 quam
511 845 572 887 nec
592 822 713 885 molere
733 843 804 885 nec.
817 843 948 884 cernere
969 844 1050 907 opus
1079 829 1144 903 est,
1173 819 1231 884 sed
1253 821 1301 883 sic
1323 826 1373 882 cst
1403 819 1533 882 subtilis

395 923 667 1011 quemadmodum
689 923 717 986 si
740 945 804 1009 qua
826 932 875 986 est
897 933 994 985 manu
1017 932 1152 986 contusa
1174 931 1206 985 et
1228 921 1392 985 subereta.

326 1039 379 1089 vll
449 1103 452 1108 1
477 1025 608 1090 Colores
624 1047 701 1112 vero
716 1022 773 1086 alii
795 1033 869 1088 sunt
892 1025 949 1110 qui
970 1045 1028 1110 per
1043 1045 1078 1086 se
1100 1025 1198 1086 certis
1219 1022 1299 1086 locis
1321 1031 1534 1108 procreantur

393 1137 424 1190 et
445 1128 522 1190 inde
544 1127 728 1209 fodiuntur,
758 1122 905 1189 nonnulli
927 1145 970 1186 ex
990 1123 1063 1187 aliis
1086 1123 1182 1187 rebus
1204 1123 1456 1188 tractationibus
1478 1133 1533 1187 aut

360 1243 375 1291 5
393 1229 607 1293 mixtionibus
624 1228 850 1313 temperaturis
867 1225 1038 1311 compositi
1054 1224 1279 1311 perficiuntur,
1302 1226 1352 1288 uti
1366 1234 1532 1311 praestent

392 1329 528 1393 eandem
555 1330 589 1391 in
618 1328 769 1415 operibus
796 1326 983 1391 utilitatem.
1027 1328 1166 1413 primum
1193 1337 1302 1391 autem
1331 1341 1560 1413 exponemusl

392 1453 473 1516 quae
500 1452 558 1517 per
580 1452 615 1493 se
637 1430 808 1492 nascentia
835 1429 1019 1511 fodiuntur,
1047 1428 1095 1491 uti
1118 1427 1159 1491 sil
1187 1429 1275 1513 quod
1302 1450 1420 1512 graece
1443 1452 1532 1512 ωχρα

365 1574 368 1578 .
392 1532 522 1596 dicitur.
567 1532 647 1594 haec
668 1552 746 1595 vero
767 1529 878 1593 multis
902 1528 981 1593 locis
1002 1538 1038 1593 ut
1061 1529 1159 1592 etiam
1180 1530 1215 1592 in
1237 1528 1334 1594 Italia
1353 1531 1531 1610 invenitur,

392 1633 450 1696 sed
473 1654 554 1717 quae
576 1631 683 1695 fuerat
705 1633 827 1718 optima
848 1631 961 1694 Attica
982 1630 1057 1694 ideo
1078 1652 1165 1693 nunc
1186 1653 1252 1695 non
1278 1629 1419 1695 habetur
1447 1630 1531 1717 quod

343 1750 374 1797 10
392 1734 533 1798 Athenis
548 1734 675 1817 argenti
698 1731 827 1796 fodinae
842 1754 915 1794 cum
936 1731 1121 1795 habuerunt
1142 1730 1299 1814 familias,
1321 1741 1402 1797 tunc
1418 1754 1531 1819 specus

393 1835 453 1898 sub
481 1844 567 1898 terra
594 1832 802 1897 fodiebantur
823 1832 865 1895 ad
894 1842 1065 1917 argentum
1093 1832 1337 1897 inveniendum.
1383 1856 1458 1897 cum
1486 1832 1530 1896 ibi

391 1958 476 1999 vena
509 1935 592 1999 forte
614 1935 833 2016 inveniretur,
862 1933 1072 1998 nihilominus
1094 1936 1143 1997 uti
1164 1944 1335 2018 argentum
1358 1956 1529 2022 perseque-

392 2038 525 2119 bantur,
548 2038 659 2121 itaque
680 2036 806 2121 antiqui
829 2037 961 2120 egregia
983 2036 1077 2121 copia
1092 2034 1162 2098 silis
1184 2035 1226 2097 ad
1245 2034 1443 2121 >politionem
1459 2058 1530 2123 ope-

391 2161 460 2201 rum
477 2147 553 2202 sunt
573 2138 635 2200 usi.
680 2138 759 2200 item
780 2135 1075 2224 rubricaecopiose
1096 2136 1207 2200 multis
1228 2135 1308 2200 locis
1332 2138 1558 2219 eximuntur,a

342 2257 372 2304 15
391 2239 449 2302 sed
472 2240 613 2325 optimae
633 2238 760 2323 paucis,
785 2247 818 2303 ut
840 2239 945 2302 Ponto
961 2239 1097 2325 Sinope,
1121 2248 1153 2302 et
1167 2238 1337 2325 Aegypto,
1359 2240 1396 2302 in
1411 2238 1529 2326 Hispa-

389 2342 444 2403 nia
466 2339 674 2420 Balearibus‚
704 2360 769 2402 non
790 2340 897 2402 minus
920 2341 1018 2404 etiam
1039 2339 1178 2421 Lemno,
1207 2341 1299 2404 cuius
1325 2340 1455 2405 insulae
1476 2362 1528 2404 ve-

391 2441 523 2526 ctigalia
539 2439 797 2506 Atheniensibus
814 2449 944 2524 senatus
966 2440 1168 2527 populusque
1182 2442 1346 2505 Romanus
1371 2443 1528 2506 concessit

389 2542 538 2606 fruenda.
582 2542 805 2629 paraetonium
821 2564 899 2606 vero
914 2564 956 2605 ex
978 2544 1059 2627 ipsis
1083 2540 1163 2606 locis
1177 2542 1265 2606 unde
1286 2542 1412 2607 foditur
1433 2543 1555 2607 habeta

389 2666 517 2707 nomen,
567 2643 681 2706 eadem
702 2644 826 2707 ratione
848 2643 1018 2725 melinum,
1047 2642 1135 2729 quod
1158 2645 1230 2707 'eius
1252 2644 1420 2708 metallum
1441 2647 1525 2708 insu-

339 2761 372 2808 20
390 2744 440 2807 lae
463 2743 590 2832 cycladi
619 2744 706 2809 Melo
736 2745 856 2809 dicitur
884 2765 966 2807 esse.
1016 2754 1104 2809 creta
1126 2744 1243 2809 viridis
1271 2746 1349 2809 item
1378 2746 1554 2834 pluribusr

388 2846 468 2910 locis
500 2848 661 2928 nascitur,
695 2846 752 2911 sed
785 2849 907 2936 optima
935 2847 1104 2935 Smyrnae.
1157 2847 1241 2911 hanc
1272 2857 1382 2913 autem
1410 2847 1526 2913 Graeci

389 2948 565 3012 θεοὸοτιον
592 2957 727 3029 vocant,
758 2948 843 3033 quod
871 2948 1060 3014 Theodotus
1088 2951 1218 3012 nomine
1245 2948 1353 3013 fuerat
1376 2951 1469 3015 cuius
1494 2950 1525 3013 in

388 3049 489 3115 fundo
504 3049 539 3112 id
554 3071 657 3134 genus
672 3057 778 3112 cretae
800 3051 940 3135 primum
955 3061 1004 3115 est
1025 3051 1205 3114 inventum.
1241 3052 1552 3139 auripigmentums

389 3150 475 3237 quod
504 3167 681 3236 uposvraov
713 3172 829 3234 graece
861 3151 998 3233 dicitur,
1032 3150 1157 3215 foditur
1183 3153 1299 3217 Ponto.
1332 3145 1525 3217 'sandaraca

337 3267 370 3314 25
388 3255 465 3316 item
488 3251 635 3338 pluribus
657 3251 753 3333 locis,
777 3252 835 3315 sed
850 3255 973 3339 optima
994 3257 1098 3319 Ponto
1113 3246 1262 3340 proxime
1276 3254 1399 3318 flumen
1414 3255 1523 3342 Hypa-

387 3354 453 3414 nim
476 3353 574 3416 habct
596 3352 771 3416 metallum.

456 3611 469 3658 1
489 3608 597 3658 subtilis
611 3610 650 3660 ed.
664 3608 716 3658 ΗΛ
735 3609 863 3660 subtilius
875 3612 962 3661 EGH.
979 3607 991 3677 ΙΙ
1007 3613 1023 3662 3
1036 3612 1166 3663 aliissunt
1176 3613 1214 3663 Η.
1231 3610 1243 3680 ΙΙ
1263 3619 1447 3679 procreantur
1458 3614 1521 3667 Ed:

386 3693 585 3760 procrehentur
601 3694 634 3742 H
649 3693 690 3756 (le,
708 3699 885 3759 procreentur
902 3693 969 3756 Lu).
993 3692 1005 3762 ΙΙ
1029 3697 1045 3746 ὅ
1062 3698 1238 3747 mixtionibus
1261 3700 1470 3762 temperaturis:
1489 3700 1522 3748 sic

386 3779 473 3829 ΕΘΗ.
489 3774 501 3844 Η
517 3779 532 3826 6
551 3777 666 3827 eandem
683 3779 843 3843 inoperibus
860 3781 922 3832 EG:
941 3780 1087 3832 incandem
1104 3782 1262 3851 inoperibus
1273 3781 1306 3831 H
1321 3781 1364 3846 (lc,
1383 3781 1521 3833 incendam

387 3863 517 3928 operibus
536 3860 580 3924 L).
605 3858 616 3928 ll
638 3865 652 3913 7
671 3862 707 3912 sil
726 3864 796 3926 quod
814 3862 904 3913 Selia:
924 3865 1020 3928 siquod
1038 3866 1124 3919 ΕΘΗ.
1142 3861 1154 3931 ΙΙ
1170 3866 1268 3916 achras
1286 3867 1374 3916 EGH.
1391 3863 1404 3935 ΙΙ
1420 3871 1436 3918 9
1454 3868 1521 3916 utica

385 3949 423 3998 H.
440 3944 452 4014 ΙΙ
470 3950 501 3997 10
513 3946 680 3997 habuerunt:
699 3949 737 3997 aie
750 3947 834 3997 EGH.
851 3944 863 4013 ΙΙ
880 3951 910 3997 12
923 3951 1157 4014 persequebantur
1169 3951 1231 4002 EG:
1249 3951 1368 4000 -batur
1378 3954 1413 4002 H
1421 3951 1498 4016 (ure).
1509 3948 1518 4014 Η

386 4036 418 4083 13
431 4033 552 4098 antiqui:
572 4036 636 4081 ante
649 4032 681 4083 E.
699 4027 710 4096 Η
728 4033 844 4097 egregia
855 4033 893 4087 H.
909 4029 921 4099 Η
938 4035 971 4083 14
983 4034 1069 4084 nsuE
1081 4041 1105 4084 et
1118 4042 1177 4084 ante
1188 4051 1256 4089 corr.
1272 4035 1301 4086 G.
1319 4030 1332 4101 ΙΙ
1348 4035 1433 4086 locis:
1453 4027 1520 4086 exlo-

386 4118 426 4167 cis
446 4118 476 4166 L.
494 4113 506 4182 ll
522 4118 553 4166 15
565 4120 648 4180 ponto
666 4115 762 4182 sinope
780 4116 841 4166 EG:
860 4123 959 4181 pontos
972 4118 1053 4182 inope
1065 4119 1095 4166 H
1111 4117 1156 4182 (L,
1174 4122 1272 4183 pontus
1284 4118 1368 4184 inops
1381 4124 1413 4179 lc,
1431 4115 1521 4186 pout⁹‚

384 4201 466 4264 inope
484 4202 520 4263 h).
541 4197 553 4266 Η
575 4202 605 4249 16
623 4199 784 4250 balearibus
796 4201 877 4251 ΕΘΗ
886 4200 930 4266 (L,
943 4203 1105 4253 bersaribus
1117 4201 1175 4267 left).
1196 4199 1208 4268 ΙΙ
1229 4205 1260 4253 17
1278 4203 1450 4270 populosque
1467 4211 1520 4254 ante

384 4302 453 4335 corr.
473 4286 509 4337 H.
532 4281 545 4349 ΙΙ
569 4288 599 4335 18
617 4285 796 4336 Parthouium
808 4287 840 4349 E,
859 4286 1055 4336 Parethonium
1069 4287 1097 4347 6,
1116 4287 1290 4352 paretonium
1309 4287 1338 4337 H
1355 4285 1436 4352 (Lle).
1458 4285 1470 4354 ΙΙ
1492 4289 1520 4337 19

385 4373 493 4420 ratione
520 4368 649 4419 melinum
667 4370 717 4423 EG
739 4367 826 4434 (lecdb
846 4371 979 4420 rationem
994 4371 998 4434 Ι
1015 4372 1117 4420 elinum
1135 4372 1167 4420 H
1181 4369 1327 4434 (rationem
1345 4373 1449 4422 clinum
1466 4378 1520 4423 ante

384 4470 452 4505 corr.
470 4471 496 4511 e,
515 4455 622 4503 ratione
646 4447 727 4504 elimi'
746 4454 787 4518 L).
808 4451 820 4521 ll
843 4455 903 4505 eius
926 4455 1069 4505 metallum
1092 4472 1152 4521 eqo:
1181 4456 1240 4505 eius
1262 4455 1371 4506 metalli
1394 4457 1474 4509 EGH
1488 4455 1520 4519 (et

383 4537 466 4602 epit),
484 4533 496 4604 ss
510 4540 541 4587 21
555 4539 657 4588 zmirne
673 4540 726 4589 GH
741 4536 768 4602 (l,
780 4555 849 4604 —nq
868 4541 930 4600 Led,
950 4556 1057 4605 smyrne
1070 4541 1116 4602 E).
1137 4537 1149 4606 {l
1166 4543 1198 4590 22
1217 4540 1282 4590 theo
1295 4539 1379 4591 dotari
1397 4540 1431 4591 H
1444 4542 1476 4606 (c,
1493 4539 1520 4588 th

384 4623 499 4673 eodoteir
511 4620 582 4686 Μὴ),
595 4623 757 4673 theothoteir
772 4624 826 4674 EG.
843 4620 855 4690 ll
871 4627 904 4674 24
914 4625 1058 4675 arsenicon
1070 4627 1156 4679 EGH.
1173 4621 1185 4692 Η
1203 4629 1288 4690 ponto
1298 4625 1454 4677 sandaraca
1465 4623 1520 4674 EG:

383 4711 481 4772 poutos
500 4706 621 4760 anderes
638 4708 668 4758 H
685 4709 779 4775 (ponto
792 4709 927 4762 sandarea
940 4712 1002 4774 Lei,
1021 4713 1098 4763 —ria
1109 4709 1138 4778 l).
1154 4708 1167 4778 ΙΙ
1183 4713 1216 4764 25
1228 4711 1286 4777 hy(i
1297 4710 1427 4777 &panim
1438 4708 1519 4761 ΕΘΗ.
