3784 5625
561 672 608 724 nu
631 677 792 725 urvuusrs
816 674 976 727 rrssmcrs
999 675 1336 725 sseurrucrourcsu.
1459 661 1520 727 291

377 830 457 893 item
486 829 521 890 in
544 829 657 894 eodem
686 829 756 895 loco
779 830 807 892 si
829 827 937 892 focum
960 828 1076 891 feceris
1100 839 1132 892 et
1154 838 1311 915 vaporata
1333 839 1418 894 terra
1439 834 1521 895 umi-

367 930 458 999 ‚dum
472 929 729 1017 nebulosumque
751 930 875 993 fumum
891 929 1110 1011 suscitaverit,
1127 931 1270 994 ostendit
1284 930 1390 995 locum
1405 953 1523 1017 aquam

380 1030 509 1095 habere.
554 1054 628 1096 curn
657 1032 737 1095 haec
758 1032 805 1093 ita
827 1029 949 1093 fuerint
970 1040 1099 1115 reperta
1122 1034 1218 1095 certis
1242 1034 1362 1117 signis,
1392 1034 1427 1095 in
1448 1032 1546 1098 alti-i

378 1131 525 1195 tudinem
553 1136 644 1219 putei
667 1132 857 1197 defodiendi
879 1141 973 1195 erunt
996 1154 1162 1217 quousque
1186 1143 1283 1219 caput
1304 1156 1408 1219 aquae
1430 1135 1520 1197 inve-

345 1236 488 1297 5niatur
520 1245 577 1298 aut
606 1236 634 1298 si
661 1232 755 1321 plura
789 1233 911 1297 fuerint
938 1234 973 1295 in
1000 1256 1100 1296 unum
1131 1233 1335 1319 colligantur.
1379 1237 1522 1298 maxime

378 1344 489 1397 tamen
512 1335 573 1399 sub
595 1336 763 1399 radicibus
785 1336 945 1399 montium
968 1335 1002 1397 in
1017 1336 1152 1419 regione
1168 1337 1412 1421 septentrionali
1428 1339 1522 1421 signa

379 1458 483 1521 aquae
506 1446 582 1500 sunt
605 1436 798 1523 quaerenda.
837 1437 872 1499 in
893 1436 944 1500 his
968 1437 1055 1499 enirn
1077 1434 1157 1501 locis
1181 1460 1297 1501 suaves
1321 1448 1353 1502 et
1376 1438 1520 1503 salubres

380 1546 412 1600 et
441 1537 694 1603 abundantiores
723 1538 951 1620 inveniuntur,
981 1539 1132 1623 quoniam
1159 1548 1296 1603 naturae
1323 1540 1480 1605 beneficio
1502 1563 1522 1603 a

369 1638 457 1716 ,solis
494 1660 591 1702 cursu
630 1647 822 1724 separantur
855 1649 887 1702 et
922 1638 1075 1702 arborum
1111 1649 1168 1703 aut
1202 1643 1361 1705 montium
1396 1643 1522 1706 umbris

330 1758 361 1806 10
380 1739 508 1802 velatae
549 1740 672 1825 frigida
708 1742 814 1825 gratia
852 1748 993 1822 aestate,
1034 1740 1170 1804 hiberno
1208 1742 1321 1828 tepida
1359 1745 1523 1807 suavitate

379 1841 550 1928 profluent.

465 1944 504 2007 In
526 1952 698 2028 puteorum
720 1954 828 2008 autem
850 1942 1049 2008 fossionibus
1073 1943 1247 2028 diligenter
1270 1955 1320 2009 est
1341 1946 1524 2011 cavendum
1539 1952 1577 1993 Ν·
1592 1951 1621 1992 ⁰0
1635 1965 1673 2013 1¹¹¹·

1538 2009 1620 2043 teorum
1631 2006 1674 2044 los-

380 2066 421 2106 ne
444 2042 643 2142 fodientibus
667 2044 849 2131 periculum
871 2045 938 2127 fiat,
963 2046 1114 2129 quoniam
1138 2067 1180 2109 ex
1202 2055 1288 2109 terra
1304 2047 1441 2134 sulphur
1455 2049 1522 2112 alu·
1537 2055 1675 2145 3333?ssss

380 2168 455 2208 men
483 2155 514 2209 et
541 2146 689 2210 bitumen
715 2149 877 2226 nascitur,
908 2168 991 2231 quae
1017 2168 1069 2209 res
1098 2168 1172 2208 eum
1197 2148 1230 2209 in
1254 2170 1290 2211 se
1311 2151 1524 2213 convenerint
1541 2191 1597 2229 vm„
1610 2134 1657 2238 Μ’

331 2266 362 2315 15
381 2249 553 2333 pestiferos
577 2250 711 2334 spiritus
735 2250 897 2312 emittunt.
936 2256 968 2309 et
982 2248 1088 2331 primo
1110 2248 1274 2333 occupatis
1290 2249 1423 2314 naribus
1439 2259 1523 2314 tetro
1538 2240 1598 2291 (Μ’
1612 2243 1631 2289 9‘
1646 2243 1678 2291 ⁹³·-

381 2349 480 2413 odorc
507 2351 688 2435 reprimunt
710 2350 833 2411 animas
857 2346 1065 2432 corporibus,
1095 2356 1127 2410 et
1149 2348 1177 2409 si
1198 2369 1264 2411 non
1285 2349 1363 2411 inde
1385 2351 1449 2413 cito
1471 2350 1522 2413 fu-

381 2452 488 2535 gerint
504 2450 639 2514 celerius
654 2452 846 2514 moriuntur.
878 2448 940 2511 hoc
954 2456 1061 2511 autem
1077 2448 1197 2512 malum
1211 2448 1409 2536 ubicumque
1423 2451 1522 2515 fuerit

380 2552 442 2614 hac
468 2554 594 2616 ratione
621 2550 755 2615 vitabis.
800 2549 931 2613 lucerna
953 2570 1091 2613 accensa
1112 2550 1147 2611 in
1170 2571 1207 2613 eo
1229 2548 1300 2614 loco
1323 2552 1523 2616 demittatur.

382 2676 463 2738 quae
486 2654 514 2717 si
536 2654 654 2717 ardens
677 2654 869 2717 remanserit
891 2652 961 2715 sine
983 2649 1127 2736 periculo
1150 2650 1341 2715 descendes.
1386 2652 1522 2738 quodsi

331 2775 364 2824 ao
383 2764 528 2842 ereptum
558 2758 587 2820 ei
615 2753 724 2819 lumen
752 2754 866 2834 fuerit,
896 2752 1077 2816 cavendum
1105 2754 1167 2817 erit
1195 2774 1236 2816 ne
1258 2754 1293 2817 in
1315 2775 1352 2818 eo
1375 2752 1445 2819 loco
1468 2754 1522 2818 de-

383 2857 565 2921 scendatur.
611 2855 669 2920 sed
692 2857 721 2920 si
743 2855 806 2920 alio
828 2855 898 2919 loco
920 2877 1006 2941 aqua
1027 2877 1092 2918 non
1113 2857 1301 2919 invenietur
1307 2880 1319 2937 ‚⁷
1346 2855 1464 2920 dextra
1485 2878 1524 2918 ac

383 2960 514 3023 sinistra
536 2979 639 3044 usque
666 2957 708 3020 ad
730 2957 960 3021 libramentum
981 2977 1085 3042 aquae
1107 2957 1197 3042 putei
1219 2955 1388 3020 fodiantur
1413 2968 1445 3021 et
1466 2979 1524 3043 per

383 3070 578 3125 structuram
605 3060 766 3127 foramina
793 3059 887 3144 quasi
908 3079 1004 3121 nares
1026 3059 1114 3121 intus
1137 3060 1173 3121 in
1194 3066 1327 3144 puteum
1349 3059 1523 3122 demittan-

340 3223 342 3226 ,
382 3173 451 3246 tur,
481 3185 544 3249 qua
570 3162 706 3225 nocivus
736 3161 868 3246 spiritus
899 3167 1063 3244 evaporet.
1108 3159 1166 3222 sed
1190 3181 1264 3222 eum
1285 3182 1369 3245 aqua
1390 3161 1525 3223 inventa

333 3287 365 3335 25
383 3264 498 3345 fuerit,
527 3263 665 3349 signinis
694 3262 845 3349 operibus
873 3262 1015 3348 parietes
1043 3268 1211 3324 struantur
1236 3261 1282 3323 ita
1304 3282 1345 3323 ne
1366 3281 1525 3324 venarum

385 3367 492 3450 capita
514 3364 737 3428 excludantur.
773 3365 808 3427 in
830 3363 970 3449 signinis
992 3371 1101 3425 autem
1124 3361 1276 3449 operibus
1298 3361 1378 3425 haec
1393 3382 1525 3425 servare

385 3464 531 3528 debebis.
575 3467 680 3551 primo
709 3475 745 3528 ut
766 3465 886 3529 harena
914 3487 1030 3551 aspera
1051 3473 1184 3551 paretur
1206 3473 1238 3527 et
1260 3473 1462 3528 caementum
1484 3463 1525 3526 de

386 3560 476 3625 silice
504 3564 558 3626 vel
588 3564 697 3650 lapide
728 3565 837 3630 toficio
870 3565 1033 3651 calcisque
1064 3567 1214 3652 proxime
1246 3567 1410 3630 extinctae
1442 3566 1526 3628 duae

455 3752 467 3797 1
487 3750 579 3799 focum
607 3751 712 3815 (tuone,
737 3751 810 3815 foul:
837 3755 874 3802 sic
895 3759 921 3802 et
937 3754 1004 3803 Poll.
1028 3757 1044 3802 1.
1063 3770 1086 3803 c.
1110 3753 1161 3815 (ubi
1182 3754 1255 3817 ignis
1277 3753 1365 3817 Vita).
1390 3750 1402 3819 ΙΙ
1425 3756 1525 3817 8quo·

386 3836 474 3884 niam:
493 3836 530 3884 sic
549 3831 613 3899 (quo
629 3852 672 3899 pp,
693 3835 737 3896 (Ῑιῖι
754 3833 780 3901 υ)
798 3852 856 3900 opp.
879 3832 891 3902 ΙΙ
916 3838 946 3884 11
960 3837 1095 3900 profluent
1112 3852 1138 3886 v:
1158 3837 1299 3900 profluerit
1313 3853 1357 3900 pp.
1380 3833 1393 3901 ΙΙ
1416 3838 1448 3885 16
1466 3838 1526 3885 ani·

386 3935 445 3969 mas
464 3919 623 3983 corporibus
647 3934 689 3982 op:
714 3935 759 3968 om.
781 3936 799 3983 p
822 3916 877 3982 (ubi
898 3920 1049 3982 reprimunt
1071 3917 1136 3970 &si
1153 3934 1207 3968 non
1231 3918 1295 3968 inde
1315 3919 1382 3984 ...).
1406 3917 1418 3984 ΙΙ
1446 3921 1477 3968 18
1495 3921 1526 3968 in

388 4020 420 4054 eo
438 4004 513 4053 loco:
530 4005 568 4052 sic
585 4019 642 4066 opp.
666 3999 678 4068 ΙΙ
702 4004 733 4052 19
752 4002 903 4052 descendes
919 4012 962 4066 pc:
986 4002 1131 4052 descendis
1148 4019 1180 4067 op
1203 4010 1229 4051 et
1246 4010 1305 4052 aute
1322 4018 1391 4052 corr.
1410 4018 1433 4066 p.
1458 4000 1525 4081 ΙΙι20

387 4091 416 4136 in
433 4103 464 4136 eo
482 4087 557 4138 loco:
577 4091 666 4136 iterum
683 4103 740 4151 opp.
761 4083 773 4152 ΙΙ
796 4085 976 4136 discendatur
993 4102 1014 4138 v.
1032 4082 1044 4151 ΙΙ
1059 4088 1092 4135 22
1109 4086 1303 4135 libramentum
1315 4103 1342 4136 v:
1361 4086 1525 4135 liberamen-

387 4177 443 4221 tum
461 4188 503 4236 pp.
527 4169 539 4237 Η
562 4172 639 4237 putei
654 4182 696 4236 90:
720 4172 809 4236 puteis
831 4189 864 4236 vp
887 4177 913 4221 et
930 4178 989 4220 ante
1007 4186 1059 4219 ras.
1075 4186 1100 4234 y.
1127 4167 1140 4236 ΙΙ
1167 4173 1199 4220 23
1223 4174 1420 4220 structuramv
1443 4168 1483 4235 (9⁰
1500 4178 1526 4220 et

386 4257 450 4320 sort.
468 4266 501 4320 pc
512 4257 554 4306 ubi
571 4251 700 4313 fructuli,
718 4258 755 4305 sic
773 4272 863 4306 errore
880 4256 979 4319 primae
997 4270 1084 4304 manus
1094 4270 1143 4318 pro
1155 4244 1287 4302 f'rueturi
1304 4256 1321 4302 ι’.
1340 4269 1362 4302 e.
1381 4255 1524 4303 structuri.

388 4345 475 4391 eadem
492 4344 569 4405 ipitur
586 4347 736 4390 correctura
753 4343 802 4390 iam
817 4341 898 4404 fuerit
908 4342 935 4389 in
948 4339 1087 4402 archetypo
1099 4340 1211 4389 codicum
1222 4336 1282 4402 pplt
1301 4338 1452 4387 fructuram
1465 4346 1525 4387 ante

389 4442 457 4475 corr.
473 4441 509 4490 pp
529 4424 566 4487 (ut
583 4425 655 4488 infra
671 4442 697 4488 p.
710 4428 773 4483 294,
793 4429 808 4474 6
825 4427 891 4475 unde
909 4424 1062 4472 fracturam
1084 4423 1147 4484 ed).
1168 4418 1180 4486 ll
1205 4421 1379 4471 dimittantur
1394 4432 1433 4486 90.
1456 4418 1468 4487 ΙΙ
1491 4424 1524 4471 25

389 4511 507 4574 signinis
525 4527 539 4559 υ
555 4508 651 4574 (pcpcb
677 4509 765 4573 signis
782 4517 842 4559 ante
860 4525 928 4559 corr.
945 4523 981 4571 pp
1003 4503 1072 4572 (ipse
1090 4508 1207 4557 correxit
1221 4505 1261 4570 p).
1285 4501 1297 4571 ΙΙ
1320 4521 1391 4555 neue
1409 4509 1479 4556 narii
1496 4521 1524 4556 v:

389 4600 529 4648 neueneru
544 4615 571 4662 p,
590 4603 870 4661 neuene'ginarump
890 4592 917 4659 (i.
936 4611 958 4647 e.
982 4594 1219 4643 neuencrirnarum
1241 4598 1300 4639 ante
1322 4607 1376 4641 ras.
1392 4606 1423 4655 p,
1442 4606 1526 4641 neue·
1604 4614 1610 4627 ·

696 4666 741 4694 υ

389 4730 485 4765 narum
502 4714 552 4780 90).
575 4712 587 4780 ss
610 4718 643 4766 28
660 4716 754 4766 tuficio
771 4733 827 4782 epp.
1281 4792 1302 4855 9

1262 4793 1278 4856 1
1307 4794 1325 4830 a
