3784 5625
693 680 740 736 nt
763 650 1032 738 insulanorum
1047 690 1124 759 nara.
1148 683 1184 738 rt.
1467 673 1509 741 33

362 841 449 907 intra
476 844 604 907 moenia
631 865 780 907 arearum
811 844 1046 928 divisionibus,
1080 845 1333 931 insequaturque
1361 846 1440 911 ordo
1470 848 1509 911 de

363 943 500 1008 aedibus
525 946 626 1008 sacris
650 954 681 1009 et
703 944 844 1032 publicis
868 946 1027 1011 aedificiis
1050 948 1193 1032 itemque
1220 948 1360 1034 privatis
1389 947 1507 1032 quibus

290 1052 293 1058 '
362 1046 629 1133 proportionibus
658 1055 690 1109 et
718 1048 917 1132 symmetriis
948 1046 1088 1111 debeant
1117 1069 1188 1111 esse
1215 1049 1264 1113 uti
1293 1047 1508 1135 explicentur,

361 1169 428 1212 non
457 1149 572 1234 putavi
599 1149 860 1234 anteponendum
886 1150 953 1213 nisi
981 1150 1070 1235 prius
1094 1149 1134 1212 de
1162 1150 1316 1213 materiae
1343 1151 1462 1237 copiis,
1492 1173 1510 1214 e

363 1249 481 1336 quibus
517 1248 651 1313 conlatis
687 1250 837 1313 aedificia
872 1252 1045 1315 structuris
1081 1260 1113 1316 et
1142 1251 1300 1315 materiae
1326 1252 1543 1316 rationibuss

362 1351 584 1438 perficiuntur,
602 1373 681 1437 quas
696 1351 838 1416 habeant
853 1354 887 1417 in
902 1375 964 1416 usu
979 1353 1117 1415 virtutes
1134 1355 1359 1439 exposuissem
1374 1353 1508 1440 quibus·

363 1474 427 1537 que
441 1474 550 1516 rerum
565 1464 701 1516 naturae
716 1454 887 1540 principiis
905 1462 1013 1517 essent
1027 1463 1227 1540 temperatae
1242 1455 1412 1518 dixissem.
1449 1454 1509 1519 sed

362 1563 537 1639 antequam
566 1554 730 1619 naturales
757 1577 809 1619 res
833 1556 988 1641 incipiam
1011 1554 1192 1642 explicare,
1223 1555 1264 1619 de
1285 1556 1508 1620 aedificiorum

361 1655 543 1721 rationibus
565 1656 653 1719 unde
674 1658 769 1720 initia
791 1658 938 1744 ceperint
961 1659 1062 1720 etuti
1085 1657 1248 1722 creverint
1270 1680 1380 1723 eorum
1395 1659 1508 1723 inven-

363 1758 468 1821 tiones
496 1768 707 1844 anteponam,
740 1768 771 1822 et
798 1760 952 1845 insequar
979 1762 1146 1843 ingressus
1174 1760 1379 1847 antiquitatis
1401 1782 1510 1823 rerum
1529 1778 1560 1825 10

362 1868 497 1923 naturae
520 1869 552 1923 et
575 1882 685 1923 eorum
714 1862 770 1946 qui
791 1861 887 1924 initia
914 1860 1126 1925 humanitatis
1155 1871 1187 1925 et
1208 1862 1414 1926 inventiones
1437 1884 1508 1948 per·

363 1962 501 2045 quisitas
530 1962 725 2047 scriptorum
754 1962 935 2048 praeceptis
966 1962 1211 2026 dedicaverunt.
1260 1963 1371 2049 itaque
1399 1985 1508 2050 quem-

363 2061 538 2127 admodum
559 2061 601 2125 ab
623 2061 674 2125 his
699 2086 770 2126 sum
792 2066 962 2128 institutus
986 2086 1157 2151 exponam.

331 2182 343 2227 1
449 2162 609 2228 Homines
632 2166 737 2228 veteri
758 2187 847 2230 more
868 2175 905 2229 ut
927 2165 1016 2229 ferae
1042 2168 1077 2228 in
1106 2164 1199 2230 silvis
1229 2174 1260 2228 et
1288 2166 1452 2253 speluncis
1476 2176 1539 2231 etl

363 2265 551 2330 nemoribus
578 2266 797 2330 nascebantur
825 2267 963 2353 ciboque
991 2268 1114 2351 agresti
1141 2267 1304 2330 vescendo
1326 2268 1428 2330 vitam
1453 2288 1509 2330 ex·
1530 2285 1560 2331 15

363 2357 509 2452 igebant.
553 2369 678 2432 interea
700 2368 840 2454 quodam
862 2369 897 2431 in
918 2368 989 2433 loco
1011 2367 1052 2431 ab
1075 2367 1324 2455 tempestatibus
1347 2377 1379 2431 et
1401 2369 1510 2431 ventis

364 2468 486 2532 densae
521 2467 753 2534 crebritatibus
787 2467 918 2533 arbores
953 2472 1096 2553 agitatae
1130 2478 1161 2532 et
1190 2468 1275 2532 inter
1303 2491 1338 2532 se
1365 2478 1509 2532 terentes
1607 2536 1612 2544 .

363 2592 469 2634 ramos
497 2571 606 2654 ignem
635 2572 877 2652 excitaverunt,
908 2580 939 2634 et
962 2592 1000 2635 eo
1022 2570 1152 2633 flamma
1173 2559 1359 2633 vehementi
1387 2580 1508 2657 perter-

314 2664 317 2670 ’
363 2673 420 2735 riti
450 2672 507 2757 qui
535 2673 621 2735 circa
649 2694 722 2735 eum
749 2671 855 2739 locum
882 2671 1014 2736 fuerunt
1041 2681 1117 2736 sunt
1143 2672 1260 2757 fugati.
1304 2682 1378 2759 post
1401 2694 1438 2736 ea
1460 2694 1509 2735 re-

364 2775 473 2861 quieta
487 2771 621 2860 propius
637 2773 828 2839 accedentes
845 2797 917 2840 cum
929 2774 1238 2840 animadvertissent
1249 2774 1510 2840 commoditatem
1528 2790 1561 2839 20

364 2897 436 2940 esse
458 2897 610 2961 magnam
639 2877 827 2965 corporibus
856 2877 898 2941 ad
926 2879 1012 2962 ignis
1039 2887 1195 2963 teporem,
1218 2877 1309 2962 ligna
1330 2878 1509 2941 adicientes

364 2987 398 3041 et
423 2978 472 3040 ita
499 2987 730 3042 conservantes
764 2977 844 3042 alios
878 2978 1085 3043 adducebant
1116 2991 1148 3044 et
1181 2989 1263 3044 nutu
1290 2989 1509 3044 monstrantes

363 3078 581 3148 ostendebant
604 3101 683 3166 quas
706 3078 865 3145 haberent
888 3102 930 3145 cx
953 3103 989 3145 eo
1012 3081 1182 3145 utilitates.
1226 3082 1260 3144 in
1284 3102 1320 3144 co
1343 3080 1509 3144 hominurn

364 3202 542 3265 congressu
564 3202 638 3244 cum
659 3180 941 3268 profundebantur
963 3181 1058 3246 aliter
1083 3183 1200 3268 spiritu
1215 3202 1322 3260 voces,
1346 3180 1511 3244 cotidiana

365 3281 600 3346 consuetudine
628 3281 787 3346 vocabula
820 3293 856 3346 ut
883 3283 1068 3368 obtigerant
1103 3284 1356 3364 constituerunt,
1391 3281 1510 3344 deinde
1528 3299 1560 3346 25

364 3382 581 3467 significando
609 3405 660 3447 res
690 3387 820 3471 saepius
848 3385 883 3447 in
904 3408 967 3448 usu
989 3407 1031 3448 ex
1054 3394 1173 3448 eventu
1195 3383 1259 3447 fari
1280 3383 1415 3448 fortuito
1438 3405 1508 3448 coe-

330 3494 482 3572 2perunt
510 3494 542 3548 et
569 3486 616 3548 ita
644 3507 807 3550 sermones
841 3487 926 3550 inter
960 3508 994 3549 sc
1023 3496 1287 3572 procreaverunt.
1332 3507 1408 3570 ergo
1437 3507 1510 3548 cum

364 3595 497 3673 propter
519 3587 606 3671 ignis
629 3588 850 3651 inventionem
879 3597 1057 3651 conventus
1084 3588 1179 3652 initio
1200 3584 1287 3674 apud
1309 3587 1455 3650 homines
1480 3595 1512 3648 et

435 3814 447 3860 1
467 3811 632 3874 insequatur
650 3811 716 3861 ordo
737 3812 787 3861 GH
810 3812 851 3873 (lc,
871 3810 935 3861 hinc
955 3813 1087 3874 sequatur
1110 3811 1175 3861 ordo
1194 3811 1239 3872 L).
1262 3807 1275 3875 Η
1298 3826 1350 3874 que
1373 3812 1433 3859 add.
1452 3810 1508 3859 Joc.
1588 3808 1594 3815 ’

366 3892 428 3958 (cet.
446 3895 481 3959 cf.
499 3912 522 3946 c.
541 3899 556 3943 7
573 3894 628 3958 ia).
653 3891 665 3960 Η
688 3896 925 3961 3utuxplicentur
943 3903 1003 3944 ante
1025 3912 1094 3946 corr.
1115 3895 1144 3946 G.
1168 3891 1180 3958 Η
1208 3898 1358 3944 ἵηεῖιιωθ
1383 3890 1457 3957 (-re
1476 3892 1509 3952 G)

367 3979 419 4028 GH
431 3977 475 4041 (L,
495 3984 595 4028 natura
608 3977 651 4045 tc).
675 3976 688 4045 Η
710 3986 865 4044 temperate
880 3980 952 4045 (-te
968 3980 1011 4043 G0)
1032 3981 1065 4030 G:
1085 3985 1148 4028 -ta
1166 3980 1194 4027 H
1214 3976 1294 4042 (Llc).
1315 3975 1327 4042 Η
1350 3979 1366 4026 9
1385 3976 1511 4040 ceperint

367 4063 397 4125 6,
418 4063 561 4126 coeperint
578 4065 607 4111 H
624 4061 714 4127 (GU,
734 4067 828 4127 cepint
845 4081 866 4122 c,
886 4069 980 4130 cepmt
992 4062 1028 4129 Ιι).
1049 4061 1061 4131 Η
1086 4067 1115 4112 11
1135 4062 1315 4112 humanitatis
1335 4061 1368 4109 G:
1388 4063 1464 4108 -tes
1481 4059 1511 4107 H

365 4146 447 4209 (Llc).
470 4143 483 4214 Η
507 4149 651 4197 revetere
671 4148 731 4197 GH.
754 4145 765 4214 Η
790 4151 821 4199 15
841 4149 974 4213 eigebant
993 4150 1025 4208 G,
1046 4148 1178 4197 exiebant
1195 4153 1255 4195 unte
1273 4161 1342 4195 corr.
1361 4145 1397 4204 H,
1418 4144 1510 4208 exige·

364 4230 433 4280 bant
450 4231 493 4279 Ηο
511 4230 564 4295 (LI,
584 4231 753 4296 exhigebant
771 4249 792 4291 e,
813 4233 981 4284 exhibebant
998 4235 1035 4293 n).
1058 4230 1070 4297 Η
1094 4233 1124 4282 16
1143 4231 1259 4295 quodam
1275 4230 1309 4279 G:
1329 4229 1465 4293 quondam
1482 4230 1512 4276 H

365 4313 433 4377 (Ltc,
452 4315 590 4379 quondam
608 4327 643 4366 οῦ.
663 4316 779 4382 quodam
797 4317 859 4367 loco
877 4318 894 4365 Ιι
911 4334 958 4369 om.
977 4317 1026 4380 in).
1050 4313 1062 4381 Η
1086 4315 1120 4365 ab
1139 4316 1167 4363 H
1187 4313 1233 4376 (ad
1251 4317 1266 4371 l,
1287 4330 1303 4362 a
1321 4311 1403 4376 Leti:
1423 4330 1439 4363 a
1453 4313 1482 4362 G.
1496 4310 1509 4376 Η

367 4402 398 4450 18
417 4417 450 4451 eo
470 4401 504 4450 G:
531 4417 577 4451 eos
594 4403 625 4450 H
641 4398 722 4464 (Llc).
751 4397 763 4467 Η
792 4403 823 4450 19
841 4399 962 4463 requ1&a
981 4402 1010 4449 H
1026 4401 1076 4462 (lc,
1096 4399 1124 4448 re
1143 4399 1237 4464 quieta
1255 4400 1293 4455 L,
1312 4399 1347 4461 ef.
1367 4399 1408 4456 II,
1427 4401 1443 4445 9
1462 4399 1509 4459 fin.

371 4484 516 4548 Vtrub:
535 4487 629 4548 requie
646 4484 713 4535 data
733 4485 762 4534 G.
786 4481 798 4550 Η
821 4487 853 4534 20
872 4486 999 4549 proprius
1019 4486 1055 4537 H,
1084 4479 1096 4550 Η
1124 4487 1155 4533 ‘21
1174 4487 1297 4549 tempore
1318 4489 1377 4531 unte
1395 4497 1455 4531 corr
1481 4481 1512 4528 H

368 4567 472 4634 (tapete
489 4568 518 4631 l).
542 4565 555 4634 Η
578 4571 610 4618 22
634 4572 675 4619 ita
694 4571 771 4621 Lern:
796 4570 823 4618 id
844 4568 901 4634 GH.
930 4564 942 4633 Η
970 4571 1003 4617 24
1025 4569 1125 4633 spiritu
1148 4584 1207 4634 epo:
1234 4568 1349 4632 espiritu
1371 4567 1452 4630 (espd
1478 4566 1509 4626 G)

370 4652 426 4705 GH.
450 4651 463 4718 Η
485 4654 519 4702 25
537 4653 695 4718 obtigerant
713 4657 764 4702 υιιὶί
783 4654 817 4702 (1¹⁶
836 4653 1081 4717 (opte{g{erant
1100 4654 1121 4703 G
1138 4669 1191 4702 cum
1209 4653 1288 4715 ras.):
1308 4654 1472 4715 optegerent
1487 4650 1523 4698 H
1626 4644 1629 4652 '

370 4733 546 4801 (obtegerent
564 4737 633 4801 Lle).

403 4836 517 4872 vrrnuv.
538 4838 572 4870 ns
592 4837 704 4875 uncum.
1288 4818 1308 4880 3
1366 4811 1368 4814 ¹
