3784 5625
379 664 442 728 236
871 679 1028 726 vrruuvu

379 856 437 921 per
464 841 644 897 menstruas
674 833 708 896 iu
730 831 987 896 subiectionibus
1015 833 1158 896 rationes
1186 831 1339 895 horarum
1363 841 1459 895 erunt
1481 854 1521 894 ex

378 933 601 1000 analemmatis
630 932 880 1016 describendae,
910 933 1178 1018 subiciunturque
1205 934 1240 996 in
1262 955 1299 997 eo
1322 931 1444 997 multae
1467 956 1519 995 va-

379 1039 511 1101 rietates
540 1045 572 1100 et
601 1057 720 1120 genera
748 1033 989 1119 horologiorum
1018 1044 1050 1098 et
1078 1018 1308 1099 describuntur
1340 1034 1520 1115 rationibus

379 1139 429 1203 his
452 1137 648 1202 artificiosis.
699 1136 842 1201 omnium
864 1145 973 1199 autem
1002 1135 1179 1221 figurarum
1202 1136 1521 1223 descriptionumque

345 1253 490 1305 aearum
527 1239 658 1303 effectus
697 1261 797 1321 unus,
835 1239 883 1301 uti
916 1237 987 1301 dies
1021 1238 1267 1323 aequinoctialis
1301 1237 1521 1325 brumalisque

379 1344 522 1429 itemque
544 1339 726 1406 solstitialis
748 1342 783 1403 in
806 1338 978 1403 duodecim
1001 1349 1110 1425 partes
1130 1339 1310 1425 aequaliter
1325 1341 1369 1403 sit
1384 1339 1520 1404 divisus.

379 1467 460 1531 quas
483 1446 525 1508 ob
547 1465 599 1505 res
623 1464 687 1505 non
709 1442 843 1528 pigritia
865 1440 1042 1503 deterritus
1064 1442 1269 1526 praetermisi
1290 1442 1349 1504 sed
1365 1463 1407 1505 ne
1422 1442 1520 1506 multa

380 1543 553 1610 scribendo
581 1544 758 1626 offendam,
792 1566 812 1606 a
839 1542 1023 1628 quibusque
1050 1542 1185 1606 inventa
1213 1552 1288 1608 sunt
1318 1565 1441 1628 genera
1467 1542 1519 1607 de-

380 1648 639 1733 scriptionesque
674 1644 913 1728 horologiorum
948 1665 1119 1730 exponam.
1179 1665 1283 1730 neque
1316 1646 1403 1708 enim
1437 1668 1520 1709 nunc

331 1761 362 1808 ro
380 1769 612 1832 novapgenera
638 1747 786 1810 invenire
815 1768 949 1831 possum
977 1767 1038 1809 nec
1064 1746 1171 1810 aliena
1197 1768 1255 1832 pro
1283 1748 1365 1810 meis
1394 1746 1519 1834 praedi·

381 1849 484 1913 canda
506 1849 670 1913 videntur.
713 1849 824 1933 itaque
847 1869 928 1933 quae
950 1847 1045 1913 nobis
1068 1848 1190 1912 tradita
1211 1857 1286 1912 sunt
1309 1857 1382 1913 eta
1405 1848 1519 1936 quibus

381 1953 446 2015 sint
468 1952 601 2014 inventa
624 1947 739 2013 dicam.

331 2062 369 2111 lx
467 2049 706 2138 Hemicyclium
743 2059 937 2114 excavatum
974 2074 1016 2115 ex
1053 2051 1210 2138 quadrato
1245 2051 1288 2114 ad
1322 2051 1521 2139 enclimaque
1530 2062 1603 2126 (vnn

381 2156 542 2218 succisum
562 2154 702 2218 Berosus
719 2152 901 2217 Chaldaeus
924 2154 1046 2218 dicitur
1067 2154 1243 2217 invenisse.
1287 2154 1431 2241 scaphen
1453 2156 1521 2217 sire

332 2271 361 2318 15
381 2255 653 2343 hemisphaerium
681 2256 890 2319 Aristarchus
919 2255 1064 2337 Samius,
1092 2255 1179 2318 idem
1208 2257 1305 2320 etiam
1334 2256 1461 2320 discum
1489 2258 1522 2319 in

380 2357 527 2444 planitia.
563 2358 726 2422 arachnen
741 2357 899 2421 Eudoxus
914 2356 1109 2443 astrologus,
1131 2356 1278 2421 nonnulli
1294 2357 1408 2423 dieunt
1423 2357 1521 2446 Apol-

378 2459 511 2524 lonium.
548 2459 721 2548 plinthimn
737 2460 808 2523 sive
823 2457 965 2541 lacunar,
986 2459 1073 2546 quod
1089 2461 1186 2523 etiam
1202 2461 1235 2522 in
1251 2460 1346 2524 Circo
1363 2459 1524 2524 Flaminio

380 2554 428 2625 est
449 2562 600 2650 positum,
625 2561 781 2648 Scopinas
802 2561 1007 2647 Syracusius,
1030 2583 1115 2645 προς
1139 2585 1179 2625 τα
1200 2577 1425 2645 ιστορουμενα
1447 2562 1522 2625 Par-

379 2665 525 2746 menion,
554 2683 639 2747 προς
660 2684 729 2727 παν
751 2666 852 2746 clepa
880 2663 1083 2727 Theodosius
1107 2673 1138 2727 et
1160 2663 1327 2745 Andreas,
1357 2663 1523 2729 Patrocles

329 2784 363 2831 no
380 2763 572 2853 pelecinum,
595 2763 844 2852 Dionysodorus
867 2787 994 2848 conum,
1018 2762 1211 2852 Apollonius
1226 2765 1423 2852 pharetram,
1446 2764 1523 2829 alia-

381 2890 443 2953 que
465 2889 586 2952 genera
608 2877 640 2931 et
663 2868 718 2952 qui
740 2889 839 2953 supra
861 2869 975 2953 scripti
1004 2877 1079 2931 sunt
1107 2877 1139 2932 et
1166 2866 1223 2930 alii
1251 2866 1360 2953 plures
1389 2869 1524 2931 inventa

380 2967 589 3055 reliquerunt,
611 2969 660 3032 uti
680 2968 913 3053 conarachnen,
937 2970 1084 3034 conicum
1099 2968 1285 3056 plinthium,
1307 2969 1523 3034 antiboreum.

381 3162 608 3169 ———-

380 3294 466 3328 versus
477 3280 625 3342 superiores
642 3281 742 3327 15—17
753 3280 910 3329 recurrentis
921 3280 985 3328 baec
1004 3276 1231 3344 [aequinoctialis
1243 3279 1337 3329 radius
1350 3279 1399 3330 ubi
1412 3281 1467 3329 erit
1480 3279 1524 3329 lit·

277 3370 295 3381 ‘
380 3369 441 3412 tera
460 3362 735 3416 e.seddeducendi1
755 3361 803 3426 (sic
822 3364 905 3419 HLtr.
924 3363 974 3413 sed
991 3362 1117 3413 ducendri
1137 3364 1169 3428 G)
1189 3364 1223 3412 ad
1243 3366 1277 3413 eir
1297 3363 1359 3413 locir
1379 3380 1433 3428 quo
1446 3369 1526 3415 secat

381 3447 590 3496 circinationem
610 3444 711 3510 (-ne)]
728 3463 745 3510 p
765 3449 887 3498 aestivas
905 3447 965 3498 sive
982 3464 1000 3512 p
1019 3431 1239 3513 aequinoctiales
1257 3456 1305 3500 etc.
1329 3445 1342 3514 ΙΙ
1368 3452 1377 3498 1
1399 3451 1524 3499 rationes

380 3548 427 3581 om.
449 3532 479 3582 6.
499 3532 556 3594 (sed
570 3534 653 3595 suppl.
675 3531 728 3594 6⁶).
752 3528 763 3598 ll
787 3535 802 3581 2
822 3533 1014 3583 analemmatis
1032 3535 1085 3583 ed:
1106 3533 1288 3583 analematios
1308 3533 1336 3593 6,
1357 3533 1525 3584 αιιαΙΙδκῒὶοε

358 3617 410 3664 ·H
428 3613 472 3679 (L,
493 3615 687 3666 anallematios'
705 3616 748 3680 lc).
771 3614 782 3683 ΙΙ
808 3618 981 3668 subiciuntur
998 3634 1058 3683 epo:
1077 3623 1193 3668 -antur
1214 3618 1272 3668 GH.
1296 3613 1308 3683 ll
1330 3621 1346 3668 3
1364 3618 1524 3670 describun-

380 3705 437 3751 tur:
460 3701 497 3749 sic
516 3700 574 3750 GH.
597 3696 609 3766 ΙΙ
633 3702 803 3752 orationibus
821 3707 852 3753 lc.
878 3700 889 3768 Ι]
912 3705 1066 3768 ditemque
1083 3704 1154 3753 Joa:
1177 3702 1305 3766 idemque
1330 3703 1389 3751 GH.
1414 3699 1427 3768 Η
1450 3705 1524 3754 XlI.

382 3786 410 3835 6.
436 3781 447 3849 ΙΙ
470 3784 574 3834 divisus
595 3786 627 3834 G:
647 3789 713 3836 -sir
732 3787 760 3834 H
779 3786 881 3850 (-sum
901 3786 968 3850 Lir).
992 3785 1004 3853 ΙΙ
1027 3790 1130 3851 iquas
1147 3787 1181 3837 ob
1200 3801 1257 3841 res:
1279 3787 1318 3836 sic
1342 3786 1401 3836 611.
1425 3783 1438 3852 Η
1461 3788 1525 3851 pter

381 3886 442 3936 misi
461 3888 497 3935 L:
517 3888 576 3949 pter
594 3887 686 3937 missis
706 3889 757 3938 GH
775 3872 1052 3952 (praeterttlmissus
1070 3886 1114 3954 le).
1134 3885 1146 3954 ΙΙ
1171 3890 1201 3937 12
1220 3888 1326 3938 inventi
1344 3888 1380 3936 H.
1397 3882 1409 3953 ΙΙ
1429 3889 1460 3936 14
1478 3889 1524 3938 be·

381 3986 458 4020 rosus
479 3970 500 4019 6
518 3968 576 4034 (lc):
595 3971 723 4021 berossus
742 3973 772 4020 H
789 3968 844 4036 (L).
870 3969 881 4037 ll
904 3971 1027 4036 scaphen
1045 3973 1073 4022 H
1091 3971 1174 4037 (Llc):
1194 3987 1297 4037 scapen
1317 3972 1347 4021 6.
1368 3967 1380 4037 ll
1406 3974 1437 4020 15
1456 3973 1524 4020 dici·

380 4060 423 4104 tur
442 4056 596 4105 aristarcus
615 4053 788 4117 (-·stlmrcus
807 4056 849 4120 H)
872 4057 910 4106 sic
930 4057 982 4106 GH
1004 4054 1117 4120 (dicitur
1138 4059 1187 4107 del.
1206 4055 1268 4119 ed).
1290 4052 1303 4120 ΙΙ
1328 4057 1359 4104 16
1382 4056 1524 4106 arachnen

383 4141 430 4190 L0:
455 4140 612 4189 arachanen
632 4141 682 4189 GH
705 4137 745 4201 (elz
764 4148 789 4190 et
808 4149 866 4190 onte
884 4157 937 4192 ras.
957 4142 989 4199 L,
1009 4140 1148 4190 archaucu
1165 4139 1193 4203 1).
1210 4137 1221 4207 ΙΙ
1244 4142 1274 4190 17
1292 4140 1440 4204 plinthium
1452 4141 1523 4191 doc:

381 4223 521 4286 panthium
542 4221 604 4286 (εὖ
625 4225 656 4286 6)
677 4224 736 4276 611.
759 4221 771 4291 Η
794 4225 910 4275 lacunar
924 4227 957 4275 G:
976 4224 1090 4274 lacunas
1110 4225 1138 4274 H
1150 4224 1229 4288 (Llc).
1245 4221 1258 4289 11
1275 4226 1307 4274 18
1323 4228 1419 4288 presta
1436 4225 1525 4275 histo·

380 4323 493 4358 rumena
513 4309 539 4357 H
559 4306 637 4374 (Lis),
655 4311 719 4372 psta
737 4309 930 4374 hystoromena
950 4310 978 4358 6.
994 4305 1006 4374 ΙΙ
1025 4312 1055 4359 19
1071 4309 1279 4374 prospanclema
1299 4310 1350 4359 611
1368 4308 1418 4372 (cll,
1437 4325 1527 4375 ,opau-

381 4392 461 4443 dema
476 4391 531 4456 Ll).
555 4388 568 4458 ΙΙ
592 4393 703 4443 andrias
724 4395 780 4444 611.
806 4392 817 4460 ll
839 4397 872 4444 20
889 4393 1031 4459 pelecinu:
1050 4397 1087 4445 sic
1106 4395 1157 4444 GH
1169 4394 1321 4459 (pelignum
1334 4393 1396 4458 ep).
1421 4391 1433 4461 ΙΙ
1458 4396 1524 4444 Dio·

381 4476 533 4548 nysodorus
557 4493 653 4527 conum
682 4479 780 4530 Mucia:
812 4479 918 4528 dioniso
934 4479 938 4543 Ι
954 4481 982 4538 (js
1006 4481 1163 4544 porusconir
1187 4480 1216 4528 H
1239 4477 1415 4541 (dioneos)
1438 4496 1467 4544 p.
1494 4481 1524 4537 L,
1558 4536 1561 4543 1

380 4558 514 4611 dionisio.
529 4564 556 4619 212¹.
576 4578 600 4627 p.
625 4562 670 4626 lc),
691 4563 797 4613 dioniso
815 4579 996 4628 porusconum
1016 4565 1045 4614 6.
1065 4560 1078 4630 ΙΙ
1100 4566 1209 4628 paretra
1227 4564 1256 4626 6,
1275 4562 1409 4628 partitam
1434 4564 1462 4612 H
1480 4563 1524 4627 (L,

383 4651 519 4708 peretrum
537 4648 580 4712 lc).
592 4644 604 4714 ΙΙ
617 4650 648 4696 22
667 4647 858 4698 conerchsneu
878 4646 1083 4712 (consrachnen
1096 4647 1178 4712 Mar.)
1200 4651 1327 4698 conatum
1347 4644 1487 4709 (conicum
1500 4648 1523 4711 ?)

382 4728 528 4792 plinthium
547 4731 737 4782 antiboraeum
756 4733 876 4795 l-reum
896 4733 940 4798 6⁶)
962 4733 1020 4784 611.
