3784 5625
698 676 745 724 nn
769 674 1034 724 aacmrscruas
1058 678 1126 725 ms.
1151 678 1198 723 rx
1457 659 1519 741 217
1670 725 1676 749 ἱ

378 840 454 897 sunt
482 831 637 931 suspecti.
686 828 769 894 alius
799 832 885 893 enim
912 830 1054 895 aliat
1004 840 1054 896 rat
1056 831 1129 895 ione
1159 829 1406 918 explicaverunt
1434 829 1520 928 quod

378 932 462 997 Delo
493 923 710 1018 imperaverat
739 933 903 1018 responsis
926 932 1112 1019 Apollo,
1089 934 1139 997 uti
1164 954 1239 995 arae
1268 931 1336 996 eius
1364 939 1521 1017 quantum

377 1035 537 1099 haberent
524 1032 678 1121 tpedum
700 1033 930 1119 quadratorum
954 1034 988 1099 id
1017 1032 1238 1121 duplicaretur
1260 1042 1292 1096 et
1313 1034 1360 1096 ita
1381 1030 1451 1095 fore
1472 1032 1521 1095 uti

329 1150 360 1197 14
380 1138 436 1223 qui
464 1145 572 1200 essent
599 1136 632 1198 in
657 1157 694 1198 ea
722 1134 827 1199 insula
857 1144 934 1199 tunc
956 1134 1114 1221 religione
1142 1132 1367 1198 liberarentur.
1412 1135 1521 1220 itaque

378 1238 544 1325 Archytas
567 1236 878 1324 hemicylindrorum
900 1236 1191 1324 descriptionibus,
1215 1236 1447 1301 Eratosthenes
1471 1248 1555 1299 or-5

379 1340 497 1426 ganica
518 1337 688 1403 mesolabii
710 1338 836 1403 ratione
859 1337 946 1403 idem
963 1337 1220 1425 explicaverunt.
1258 1360 1331 1401 cum
1353 1337 1434 1402 haec
1457 1339 1522 1401 sint

378 1452 447 1506 tam
468 1441 596 1525 magnis
613 1440 832 1505 doctrinarum
853 1439 1112 1505 iucunditatibus
1127 1439 1355 1503 animadversa
1371 1449 1402 1504 et
1424 1461 1518 1528 coga-

380 1566 453 1606 mur
467 1541 659 1607 naturaliter
681 1542 924 1607 inventionibus
941 1540 1141 1626 singularum
1155 1563 1263 1605 rerum
1279 1540 1522 1605 considerantes

381 1643 514 1707 effectus
537 1643 673 1726 moveri,
697 1642 814 1707 multas
841 1666 893 1707 res
916 1642 1088 1707 attendens
1111 1643 1255 1708 admiror
1283 1643 1381 1706 etiam
1402 1642 1522 1707 Demo-

381 1744 456 1809 criti
430 1744 520 1809 tde
541 1767 650 1809 rerum
672 1755 788 1811 natura
810 1744 1030 1810 voluminat
998 1754 1030 1809 et
1057 1746 1126 1809 eius
1150 1745 1415 1809 commentarium
1437 1743 1524 1830 quod
1544 1756 1574 1804 10

380 1841 533 1912 inscribit
520 1855 572 1911 tur
587 1870 826 1931 χειροκμητων,
842 1848 877 1911 ιιι
893 1870 956 1934 quo
972 1848 1069 1911 etiam
1085 1846 1198 1912 utebat
1185 1856 1237 1912 tur
1251 1844 1398 1911 anulot
1362 1854 1398 1910 ut
1403 1845 1523 1933 signa-

380 1957 431 2014 ret
453 1970 528 2011 cera
548 1946 639 2013 molli
662 1971 744 2035 quac
767 1959 853 2014 esset
876 1960 1040 2037 expertus

330 2065 362 2113 15
465 2051 555 2134 Ergo
578 2072 687 2115 corum
710 2052 852 2116 virorum
877 2053 983 2137 cogita
984 2061 1018 2116 ta
1044 2074 1110 2115 non
1132 2050 1235 2115 solum
1257 2050 1300 2114 ad
1328 2072 1432 2115 mores
1455 2071 1524 2114 cor·

381 2143 535 2236 rigendos
551 2152 663 2215 sedet
632 2152 728 2215 etiarn
743 2152 786 2216 ad
809 2154 952 2217 omnium
967 2164 1003 2218 ut
990 2152 1090 2218 tilitat
1077 2163 1142 2217 tem
1164 2161 1320 2239 perpetuo
1336 2160 1411 2215 sunt
1433 2174 1472 2237 pr
1473 2173 1524 2214 ae

381 2261 513 2339 parata
549 2252 744 2318 athletarum
772 2264 828 2319 aut
830 2276 879 2318 em
902 2254 1054 2320 nobilitat
1042 2264 1090 2318 tes
1121 2254 1218 2317 brevi
1240 2275 1299 2368 spa
1301 2254 1345 2316 tio
1362 2274 1432 2315 cmn
1456 2252 1524 2315 suis
1544 2266 1575 2312 15

382 2354 572 2440 corporibus
602 2364 786 2420 senescunt
835 2358 947 2442 itaque
974 2377 1079 2441 neque
1107 2376 1178 2417 cum
1202 2355 1344 2418 maxime
1366 2362 1441 2417 sunt
1467 2352 1524 2417 flo-

382 2464 491 2520 rentes
514 2478 617 2543 neque
639 2457 896 2543 posterita1h1‚
920 2455 1194 2543 quemadmodum
1217 2456 1345 2541 sapient
1346 2456 1413 2518 ium
1436 2456 1523 2540 cogi

330 2566 451 2622 rotata
479 2556 646 2622 hominum
674 2559 780 2639 vitae,
813 2557 969 2644 prodesse
995 2566 1143 2645 possunt.
1199 2578 1272 2620 cum
1303 2578 1382 2622 vero
1420 2578 1525 2643 neque

383 2658 528 2723 moribus
549 2682 656 2745 neque
678 2660 836 2723 institutis
859 2661 1054 2746 scriptorum
1076 2657 1317 2745 praestantibus
1339 2658 1526 2723 tribuantur

383 2760 537 2844 honores,
560 2762 652 2848 ipsae
673 2782 731 2848 per
753 2782 787 2825 se
809 2770 933 2826 mentes
956 2763 1040 2826 aeris
1063 2760 1180 2826 altiora
1200 2761 1436 2849 prospicientes
1458 2781 1524 2824 me·
1543 2771 1576 2821 ιο

384 2864 555 2927 moriarum
589 2862 746 2948 gradihus
773 2863 816 2927 ad
851 2863 975 2929 caelum
1002 2862 1121 2946 elatae,
1155 2885 1236 2928 aevo
1264 2863 1428 2928 inmortali
1442 2861 1447 2865 ⁴
1461 2885 1526 2927 non

383 2964 480 3029 modo
496 2966 673 3029 sententias
689 2966 757 3030 sed·
770 2967 866 3029 etiam
888 2965 1009 3050 figuras
1026 2988 1136 3030 eorum
1158 2967 1296 3053 posteris
1313 2974 1433 3049 cogunt
1456 2985 1527 3027 esse

384 3075 487 3131 notas.
532 3069 642 3154 itaque
665 3069 721 3154 qui
742 3066 925 3132 litterarum
948 3067 1206 3133 iucunditatibus
1229 3066 1383 3129 intinctas
1405 3065 1528 3128 habent

384 3177 509 3234 mentes
524 3191 589 3233 non
610 3179 747 3256 possunt
768 3193 833 3234 non
854 3171 889 3234 in
905 3170 972 3233 suis
995 3169 1181 3256 pectoribus
1197 3167 1383 3232 dedicatum
1406 3165 1527 3230 habere
1631 3175 1633 3181 ’

456 3377 467 3426 1
493 3376 701 3441 explicaverunt
727 3378 768 3427 lc:
801 3376 1006 3444 explicarentur
1031 3377 1110 3426 EGH
1141 3374 1238 3440 (tect).
1267 3372 1279 3442 {l
1306 3377 1322 3424 2
1344 3374 1528 3438 imperaverat

386 3461 439 3510 ert:
458 3459 741 3525 impetldrleavsrat
759 3461 844 3515 HGH.
866 3458 881 3527 ll
901 3477 966 3513 aras
986 3462 1046 3511 eius
1066 3461 1092 3510 H
1111 3459 1211 3524 (Ll0t⁶‚
1231 3475 1278 3510 are
1298 3460 1357 3510 eius
1375 3461 1396 3520 l,
1415 3474 1448 3508 ac
1467 3459 1528 3508 eius

351 3535 355 3538 ’
386 3544 439 3606 old:
464 3560 527 3610 aree
551 3545 609 3594 eius
627 3545 684 3596 Eu.
705 3541 717 3611 ll
742 3545 963 3611 3duplicaretur
981 3548 1036 3596 ert:
1055 3551 1184 3596 —rentur
1196 3545 1283 3596 EGH.
1307 3539 1319 3610 ΙΙ
1342 3544 1402 3593 fore
1420 3546 1464 3593 uti
1482 3543 1529 3607 qui

356 3644 359 3650 ·
386 3644 432 3691 epo
452 3625 494 3691 (ιιι
511 3628 540 3677 hi
559 3629 605 3691 qui
622 3631 690 3691 ed.):
709 3629 810 3678 fcrenti
828 3630 875 3693 qui
894 3631 920 3678 H
939 3629 1019 3693 (ιιι),
1039 3631 1130 3680 forent
1148 3630 1176 3680 hi
1194 3631 1241 3695 qui
1260 3629 1315 3679 ΕΘ,
1339 3625 1351 3692 ΙΙ
1373 3628 1529 3692 bhemicy·

384 3711 535 3762 lindrorum
554 3711 633 3764 Pais:
661 3711 843 3776 cylindrorum
859 3715 945 3766 EGH.
968 3709 980 3779 ΙΙ
1002 3715 1017 3763 6
1037 3714 1171 3764 mesolabi
1194 3714 1248 3777 (me
1267 3713 1357 3762 solabi
1377 3712 1418 3767 ut.
1436 3710 1529 3776 malso

385 3795 499 3856 labili)
518 3794 596 3844 ΕΘΗ
615 3795 666 3859 (LI,
686 3795 811 3847 mesolibi
828 3797 871 3855 ch,
894 3813 936 3848 me
961 3799 1122 3862 solariae).
1149 3793 1161 3865 ll
1190 3795 1315 3848 9&tiam
1337 3797 1446 3845 moeniti
1468 3813 1482 3844 c
1504 3802 1530 3845 et

385 3887 447 3930 ante
464 3895 532 3932 corr.
551 3880 584 3929 lt.
601 3875 613 3944 [1
630 3881 660 3928 11
680 3880 841 3931 inscribitur
858 3883 912 3931 ed:
932 3883 1062 3933 scribitur
1080 3881 1165 3935 EHH.
1185 3879 1197 3947 ll
1217 3895 1432 3931 xerrororfflros
1453 3881 1531 3930 EGH

387 3965 416 4026 (ι’.
426 3980 448 4016 e.
463 3979 658 4030 χειροκμητων
669 3963 745 4013 Sella.
756 3980 810 4014 cum
822 3964 919 4029 sara).
938 3963 950 4033 ΙΙ
966 3967 1048 4017 anulo
1061 3964 1222 4030 signaret(&
1233 3965 1304 4026 H)ur
1314 3965 1431 4015 amolcie
1445 3966 1530 4025 (amo-

387 4049 448 4114 litis
461 4052 500 4098 vel
516 4063 583 4098 -ac
592 4052 615 4098 lc
626 4045 679 4116 [s])
693 4052 736 4098 est
749 4047 774 4110 (e
788 4046 819 4115 G)
834 4055 962 4114 expertus
975 4050 1052 4101 EGH
1070 4049 1112 4114 (ιιι
1124 4051 1239 4114 signans
1252 4064 1318 4098 cera
1330 4053 1359 4099 et
1369 4049 1447 4097 milto
1460 4063 1530 4112 quae

388 4137 465 4183 esset
483 4137 613 4198 expertus
629 4134 670 4184 ed.
691 4132 744 4189 Fa,
762 4132 803 4182 abi
820 4138 850 4182 ut
868 4135 993 4199 signaret
1010 4149 1069 4199 epo,
1089 4149 1153 4183 cera
1177 4133 1252 4183 molli
1270 4133 1368 4194 Sala).
1391 4129 1403 4199 ΙΙ
1427 4135 1459 4183 16
1477 4133 1530 4181 ita·

389 4232 440 4282 que
464 4232 554 4282 neque
579 4234 640 4268 cum
664 4217 780 4266 maxime
803 4223 868 4267 sunt
890 4218 952 4267 EG:
979 4233 1026 4270 om.
1049 4219 1082 4266 H
1101 4215 1173 4280 (hle,
1201 4217 1244 4267 abi
1264 4221 1412 4266 senescunt
1432 4217 1531 4287 flogen-

388 4306 431 4352 tas
451 4338 476 4352 ..
493 4300 520 4366 .).
545 4299 557 4369 ΙΙ
581 4304 612 4352 17
631 4316 720 4365 neque
739 4301 897 4366 posteritati
915 4301 944 4350 hi
962 4301 1015 4366 (hii
1032 4300 1096 4365 HL)
1124 4300 1179 4350 ΕΗ
1194 4298 1251 4365 (tt,
1275 4317 1301 4350 ιι.
1319 4301 1484 4366 posteritate
1502 4300 1532 4350 hi

388 4386 442 4448 ald:
462 4401 550 4450 neque
570 4387 707 4437 institutis
724 4387 753 4436 hi
772 4386 818 4450 (ea
833 4405 856 4437 a.
872 4389 913 4451 19)
934 4386 956 4436 G
974 4387 1034 4450 (sed
1051 4385 1093 4443 (1¹0,
1112 4386 1186 4450 quasi
1202 4393 1229 4434 ut
1246 4388 1343 4436 inserat
1358 4394 1419 4450 post
1435 4386 1532 4437 floren·

389 4475 441 4526 tes,
459 4486 540 4535 supra
558 4473 620 4521 add.
638 4487 727 4537 neque
746 4471 924 4537 posteritati).
944 4467 957 4538 ΙΙ
979 4472 1013 4520 20
1029 4470 1107 4535 ipsae
1126 4472 1219 4518 autem
1237 4485 1286 4535 per
1304 4485 1333 4520 sc
1345 4469 1426 4520 ΕΘΗ
1442 4467 1533 4532 (delevi

391 4555 502 4619 autem).
520 4552 531 4623 {l
548 4558 579 4606 21
594 4556 686 4607 elatae
699 4559 768 4609 Joc:
784 4556 852 4607 elati
864 4555 949 4606 EHH,
966 4551 979 4621 ΙΙ
994 4569 1061 4605 aevo
1073 4554 1215 4605 inmortali
1227 4554 1288 4605 Eu:
1307 4570 1405 4606 aevum
1418 4555 1490 4615 iiim·
1499 4556 1532 4611 L,

389 4641 430 4688 in-
442 4638 646 4701 immortalitati
665 4643 691 4690 H
707 4643 776 4707 Llc).
797 4638 810 4708 ῑΙ
830 4643 863 4691 23
880 4640 1015 4690 intinctas
1033 4655 1080 4704 epo
1098 4637 1186 4703 (rec.):
1205 4639 1351 4690 instinctas
1368 4639 1454 4691 ΕΘΗ,
1472 4635 1533 4706 {124

389 4724 549 4788 pectoribus
562 4725 612 4774 ΕΗ
623 4724 708 4789 (Llc):
723 4727 881 4792 corporibus
894 4721 983 4791 ἅβρα
993 4740 1074 4790 supra
1085 4723 1139 4775 601
1150 4721 1181 4772 al
1188 4723 1341 4790 pectorib3).
1353 4720 1365 4792 ΙΙ
1377 4722 1533 4774 dedicatum
