3784 5625
619 692 620 695 ¹
701 682 749 729 ns
771 682 1039 733 sucurrucruus
1061 686 1131 733 ms.
1155 689 1192 734 ιι
1475 678 1518 742 53

324 850 355 899 18
458 834 621 914 Quoniam
642 858 719 921 ergo
735 836 900 923 explicata
914 838 997 903 ratio
1015 852 1064 902 est
1086 839 1189 924 quid
1180 841 1276 905 itam
1289 842 1370 907 urbe
1358 855 1517 940 propter

372 937 599 1002 necessitatem
621 940 846 1024 angustiarum
868 962 932 1004 non
954 941 1123 1026 patiuntur
1144 962 1215 1005 esse
1234 941 1279 1007 lat
1266 944 1395 1010 ten'cios
1411 947 1515 1033 parie-

371 1049 438 1121 teS,
466 1061 540 1102 cum
569 1050 625 1105 ext
625 1062 662 1104 ra
612 1040 804 1106 turbem
829 1060 911 1128 opus
934 1042 996 1106 erit
1018 1041 1129 1106 hisut
1092 1050 1141 1106 1
1148 1090 1157 1124 ,
1188 1043 1259 1106 sine
1281 1044 1315 1108 vi
1317 1045 1372 1109 tiis
1317 1045 1436 1109 tad
1459 1069 1514 1111 ve-

370 1149 526 1206 tustatem
556 1142 604 1205 sic
634 1142 696 1206 erit
723 1141 918 1206 faciendum.
970 1141 1105 1207 summis
1138 1144 1319 1229 parietibus
1353 1155 1516 1212 structura

370 1251 516 1307 testacea
548 1242 609 1307 sub
641 1242 767 1327 tegulas
807 1243 989 1308 subiciatur
1023 1229 1197 1309 altitudine
1230 1246 1359 1311 circiter
1391 1250 1549 1334 sesqui-5

372 1343 492 1430 pedali,
516 1344 699 1431 habeatque
720 1345 919 1432 proiecturas
943 1365 1145 1410 coronarum.
1188 1347 1236 1411 ita
1250 1348 1349 1412 vitari
1363 1358 1516 1434 potenmt

372 1468 454 1531 quae
482 1445 587 1511 solent
614 1445 650 1508 in
676 1445 727 1509 his
755 1445 827 1510 fieri
854 1445 945 1510 vitia.
997 1467 1070 1510 cum
1095 1448 1184 1511 enim
1211 1450 1245 1512 in
1272 1458 1358 1514 tecto
1385 1450 1514 1536 tegulae

370 1546 493 1611 fuerint
515 1546 638 1611 fractae
659 1555 716 1610 aut
737 1568 756 1610 a
778 1547 884 1611 ventis
908 1546 1063 1631 deiectae,
1087 1570 1150 1635 qua
1171 1551 1275 1636 possit
1297 1572 1339 1614 ex
1353 1551 1513 1617 imbribus

369 1670 454 1734 aqua
475 1647 663 1735 perpluere,
692 1669 758 1712 non
786 1648 928 1734 patietur
956 1647 1057 1713 lorica
1082 1659 1226 1715 testacea
1253 1650 1339 1717 laedi
1366 1652 1512 1737 laterem,

371 1750 428 1813 sed
450 1751 634 1836 proiectura
657 1771 846 1815 coronarum
867 1749 981 1814 reiciet
1003 1759 1096 1815 extra
1117 1751 1385 1854 perpendiculum
1408 1754 1512 1819 stillas
1531 1768 1565 1817 10

321 1865 352 1912 10
371 1860 404 1914 et
426 1873 463 1915 ea
484 1860 534 1915 rat
536 1853 609 1916 ione
631 1849 847 1916 servabitt
797 1874 833 1914 ιιι
834 1859 948 1967 tegras·
962 1843 1125 1939 parietum
1139 1847 1374 1919 latericiorum
1373 1865 1511 1921 structu-

369 1975 432 2019 ras.
488 1952 570 2016 (10
561 1975 633 2039 1psa
664 1961 720 2016 aut
723 1973 773 2015 em
805 1961 889 2017 testa
922 1954 951 2016 si
983 1954 1028 2017 sit
1065 1955 1188 2040 optima
1227 1977 1285 2019 seu
1317 1958 1438 2022 vitiosa
1469 1956 1511 2020 ad

370 2064 566 2122 structuram
587 2055 698 2119 statim
719 2076 813 2118 nemo
834 2062 943 2141 potest
965 2054 1121 2137 iudicare,
1145 2055 1263 2141 quod
1254 2080 1289 2120 ιιι
1310 2060 1510 2145 tempestati·

369 2156 442 2239 bus,
466 2166 499 2221 et
520 2165 636 2239 aetate,
658 2158 801 2222 intecto
823 2178 898 2221 oum
921 2165 971 2221 est
993 2155 1159 2221 conlocata
1165 2206 1174 2239 ,
1197 2167 1275 2223 tunc
1297 2159 1326 2223 si
1348 2169 1397 2223 est
1418 2158 1511 2223 firma

370 2257 536 2345 probatur.
572 2279 712 2343 namque
735 2279 816 2343 quae
838 2280 904 2323 non
925 2257 1024 2326 fuerit
1046 2280 1088 2322 ex
1110 2266 1199 2322 creta
1220 2258 1307 2323 bona
1325 2269 1383 2324 aut
1396 2282 1510 2347 parum
1529 2272 1562 2323 15

370 2361 441 2430 erit
455 2368 561 2439 cocta,
588 2359 636 2423 ibi
659 2381 693 2423 se
716 2358 859 2424 ostendit
881 2380 952 2423 esse
973 2359 1127 2422 vitiosam
1153 2358 1316 2443 gelicidiis
1339 2369 1371 2422 et
1393 2361 1511 2446 pruina

368 2470 465 2526 tacta.
511 2483 588 2545 ergo
611 2482 692 2546 quae
714 2482 780 2525 non
800 2462 836 2524 in
858 2460 953 2524 tectis
975 2461 1096 2546 poterit
1117 2460 1187 2546 pati
1208 2458 1363 2541 laborem,
1387 2481 1510 2525 canon

368 2572 476 2650 potest
497 2564 533 2626 in
555 2570 717 2627 structura
739 2562 830 2626 oneri
851 2560 987 2625 ferendo
1010 2582 1080 2626 esse
1101 2562 1203 2626 firma.
1248 2582 1346 2646 quare
1368 2562 1510 2625 maxime

316 2677 351 2726 20
368 2688 411 2731 ex
432 2664 599 2729 veteribus
621 2662 741 2747 tegulis
763 2673 847 2727 testa
870 2664 986 2727 structi
1000 2664 1140 2750 parietes
1155 2661 1342 2727 firmitatem
1356 2672 1509 2750 poterunt

366 2765 496 2831 habere.
534 2765 661 2829 craticii
677 2786 754 2830 vero
770 2763 870 2829 velim
892 2763 1023 2851 quidem
1045 2787 1086 2828 ne
1108 2757 1239 2829 inventi
1258 2773 1374 2830 essent.
1409 2786 1507 2852 quan·
1526 2776 1560 2827 20

366 2878 436 2932 tum
458 2868 544 2930 enim
567 2865 732 2931 celeritate
754 2876 786 2932 et
807 2867 870 2932 loci
892 2865 1077 2931 laxamento
1099 2875 1250 2952 prosunt,
1282 2876 1373 2933 tanto
1393 2868 1509 2932 maiori

367 2980 400 3036 et
422 2970 584 3035 communi
606 2977 681 3034 sunt
703 2968 891 3051 calamitati,
915 2968 1002 3054 quod
1024 2969 1066 3032 ad
1088 2969 1239 3032 incendia
1260 2969 1308 3033 uti
1328 2968 1416 3034 faces
1433 2978 1508 3034 sunt

366 3072 482 3159 parati.
530 3072 640 3156 itaque
669 3070 771 3135 satius
802 3092 872 3135 csse
900 3069 1032 3135 videtur
1067 3071 1204 3156 inpensa
1230 3078 1446 3135 testaceorum
1472 3072 1507 3135 in

367 3181 498 3261 sumptu
519 3195 616 3258 quam
638 3171 830 3260 compendio
852 3172 1059 3237 craticiorum
1081 3192 1152 3235 esse
1166 3172 1201 3235 in
1216 3170 1370 3256 periculo.
1407 3170 1505 3234 etiam

366 3278 421 3362 qui
444 3277 478 3338 iu
500 3275 644 3339 tectoriis
657 3273 836 3359 operibus,
859 3275 959 3338 rimas
981 3273 1016 3336 in
1037 3272 1088 3337 his
1111 3271 1236 3337 faciunt
1257 3271 1505 3337 arrectariorum
1522 3282 1557 3333 25

366 3388 398 3442 et
419 3377 728 3442 transversariorum
753 3375 979 3462 dispositione.
1024 3395 1096 3438 cum
1124 3375 1211 3438 enim
1232 3373 1393 3456 linuntur,
1424 3374 1505 3437 rcci-

365 3480 491 3565 pientes
513 3498 658 3541 umorem
679 3486 882 3562 turgescunt,
905 3475 1024 3540 deinde
1046 3476 1253 3541 siccescendo
1274 3474 1506 3541 contrahuntur

365 3589 398 3645 et
427 3582 474 3645 ita
506 3581 673 3645 extenuati
707 3578 913 3665 disrumpunt
944 3578 1155 3642 tectoriorum
1187 3576 1394 3643 soliditatem.
1446 3575 1504 3640 sed

364 3683 516 3768 quoniam
542 3679 714 3745 nonnullos
744 3680 893 3745 celeritas
914 3688 971 3744 aut
992 3679 1103 3765 inopia
1124 3679 1237 3744 autin
1258 3678 1413 3765 pendenti
1434 3676 1504 3741 loco

433 3888 670 3953 2ang‘ustiarum:
692 3888 729 3936 sic
752 3886 804 3937 GH
826 3886 986 3953 (angustiae
1010 3901 1136 3936 arearum
1160 3885 1251 3949 Man).
1277 3882 1289 3950 ΙΙ
1311 3883 1454 3949 patiuntur
1475 3882 1506 3930 Η

366 3970 452 4036 (Llo):
472 3971 613 4036 patiantur
632 3971 661 4022 d.
682 3966 695 4036 ΙΙ
717 3972 799 4020 derit
812 3971 1007 4022 adfaciendum
1025 3978 1084 4020 ante
1095 3985 1163 4020 corr.
1175 3969 1205 4019 d.
1228 3964 1240 4034 ΙΙ
1263 3965 1400 4033 btegulas
1413 3961 1502 4027 (reo.):
1552 4000 1554 4003 -

364 4056 460 4121 tegula
480 4056 538 4105 GH.
559 4052 571 4120 ll
599 4053 802 4119 6prolectnras
823 4056 852 4108 G.
875 4051 888 4122 ss
911 4054 995 4106 vitari
1017 4055 1046 4103 H
1068 4051 1152 4117 (Llo):
1175 4053 1265 4102 vitare
1291 4051 1319 4100 G.
1342 4046 1355 4115 ΙΙ
1377 4052 1393 4099 8
1414 4048 1504 4113 possit

364 4142 421 4194 Joe.
440 4139 531 4204 (realr
555 4140 663 4205 possint
682 4138 740 4188 GH.
762 4134 775 4204 [l
797 4142 903 4204 taqua
921 4139 950 4187 H
968 4137 1009 4202 (Ic,
1029 4139 1099 4198 aqua
1115 4135 1179 4199 Md:
1202 4132 1300 4199 aque(e
1320 4131 1364 4195 Ga)
1383 4132 1412 4181 a.
1435 4128 1449 4198 ss
1472 4133 1502 4181 11

365 4225 491 4276 servabit
508 4224 598 4277 Sela:
618 4224 773 4274 servaverit
792 4224 843 4273 GH
860 4228 906 4286 (ea
922 4223 998 4271 —nit
1018 4236 1067 4284 pro
1088 4218 1181 4284 -bit).
1206 4215 1219 4283 ΙΙ
1241 4217 1364 4281 integras
1388 4214 1502 4278 G(e⁰b⁰):

348 4302 456 4374 ‘-gris
474 4309 503 4356 H
521 4308 600 4373 (Lto).
624 4305 637 4374 l}
658 4309 690 4358 14
708 4313 736 4359 et
755 4310 846 4357 aetate
868 4322 930 4372 epo:
954 4304 1102 4355 &aestate
1125 4302 1167 4365 (et
1189 4306 1279 4352 estate
1299 4299 1331 4362 6)
1355 4300 1406 4350 GH
1428 4297 1502 4362 (sort.

365 4408 400 4443 ex
418 4401 479 4444 nota
497 4395 652 4444 correctoris
669 4393 682 4442 l
698 4395 789 4443 estate
807 4392 823 4439 ι’.
836 4405 858 4440 e.
876 4387 1138 4453 veltempestate).
1159 4383 1172 4452 ss
1194 4388 1226 4437 16
1239 4383 1361 4435 ostendit
1377 4383 1407 4433 Η
1419 4383 1503 4446 (Llclr

367 4476 448 4528 -det
467 4478 495 4527 G.
519 4474 531 4542 ll
555 4479 586 4528 19
604 4481 679 4528 testa
698 4477 797 4527 structi
814 4476 879 4524 Lor.
899 4472 959 4536 (ιιιζιί
975 4474 1044 4537 qaod
1059 4487 1109 4522 sor.
1129 4467 1283 4535 testaque):
1301 4472 1379 4518 tecta
1396 4471 1503 4518 structa

368 4561 428 4614 GH.
451 4558 462 4624 ΙΙ
485 4563 518 4611 20
537 4560 606 4622 (item
623 4562 670 4625 23)
690 4560 800 4612 craticii
819 4559 852 4609 6:
871 4556 984 4622 graticii
1001 4556 1030 4604 H
1049 4552 1130 4619 (blo).
1154 4551 1167 4622 ΙΙ
1193 4557 1224 4605 at
1243 4556 1369 4620 prosunt:
1393 4554 1503 4616 propter

367 4650 427 4694 ante
444 4659 512 4697 corr.
534 4645 563 4695 G.
584 4641 596 4711 ΙΙ
618 4647 651 4696 24
670 4646 754 4697 etiam
768 4643 814 4710 qui
834 4643 897 4696 GH:
916 4641 1055 4708 etiamque
1074 4640 1150 4696 Sobr.
1170 4637 1288 4708 (quiem.
1306 4635 1416 4701 iubis).
1438 4631 1457 4702 ll.
1469 4637 1501 4686 at

367 4727 540 4781 sicciscendo
560 4728 619 4783 GH.
