3784 5625
396 674 460 737 230
891 683 1047 748 vrrauvrr

396 863 452 927 per
475 839 594 903 caudas
619 860 727 901 earum
752 859 822 900 csso
838 835 958 900 dicitur
973 837 1051 899 item
1067 857 1201 922 serpens
1223 848 1418 924 exporrecta
1440 862 1457 903 e
1477 855 1566 926 quot

395 942 489 1006 stella
512 963 594 1028 quae
618 939 738 1003 dicitur
761 936 854 1023 polus
878 936 993 1019 clucet,
1011 938 1133 1001 circum
1150 949 1247 1025 caput
1262 941 1396 1004 maioris
1414 952 1536 1027 septen-

395 1046 520 1108 trionis
564 1062 703 1126 namquo
726 1061 808 1127 quac
831 1047 879 1102 cst
902 1060 1062 1124 proxuma
1084 1039 1273 1120 draconem,
1297 1043 1423 1106 circum
1446 1054 1539 1130 caput

395 1148 464 1210 cius
487 1143 678 1223 involvitur,
702 1163 766 1204 una
788 1162 865 1204 vcro
889 1141 1011 1204 circum
1034 1163 1216 1229 cynosurae
1239 1152 1337 1229 caput
1357 1144 1477 1208 iniecta
1492 1154 1538 1208 cst

360 1249 483 1312 oflexu
512 1253 725 1332 porrectaque
758 1244 906 1329 proxime
940 1244 1009 1307 cius
1038 1241 1149 1329 pedes.
1199 1244 1253 1307 hic
1280 1254 1390 1308 autem
1423 1247 1537 1311 intorta

395 1347 613 1436 replicataque
636 1368 670 1409 sc
693 1343 845 1409 attollens
874 1344 1054 1407 reflectitur
1081 1366 1101 1407 a
1122 1346 1229 1431 capite
1250 1347 1387 1411 minoris
1411 1348 1454 1410 ad
1476 1370 1536 1411 ma·

395 1453 495 1514 iorem
519 1450 606 1512 circa
628 1456 770 1510 rostrum
793 1455 825 1509 et
848 1446 967 1532 capitis
990 1455 1118 1532 tempus
1141 1445 1305 1511 dextrum.
1343 1450 1423 1511 item
1445 1472 1537 1536 supra

395 1550 533 1615 caudam
560 1548 694 1612 minoris
723 1547 822 1633 pedes
851 1557 927 1611 sunt
950 1546 1073 1633 Cephei
1101 1546 1213 1633 ibique
1239 1547 1282 1610 ad
1306 1571 1468 1615 summum
1490 1574 1536 1613 ca-

395 1673 510 1716 cumen
538 1650 694 1713 facientes
724 1648 836 1712 stellae
864 1658 940 1712 sunt
967 1650 1131 1732 trigonum
1156 1649 1290 1735 paribus
1313 1648 1472 1716 lateribus
1493 1655 1536 1716 in-

349 1772 377 1816 10
396 1774 493 1838 super
515 1751 626 1815 arietis
658 1751 798 1834 signum.
845 1751 1077 1836 septentrionis
1106 1759 1214 1813 autem
1242 1751 1378 1817 minoris
1409 1763 1443 1817 et
1465 1754 1536 1818 Cas-

396 1856 506 1940 siopae
530 1851 696 1916 simulacri
718 1849 899 1936 complures
923 1861 999 1915 sunt
1023 1850 1135 1915 stellae
1157 1852 1323 1917 confusae.

480 1954 575 2034 erac
597 1961 671 2016 sunt
698 1951 740 2014 ad
770 1952 920 2016 dextram
948 1955 1083 2017 orientis
1115 1954 1201 2017 inter
1229 1977 1346 2019 zonam
1374 1957 1537 2042 signorum

395 2066 427 2121 ct
454 2056 710 2142 septentrionum
739 2052 847 2116 sidera
873 2055 908 2116 in
936 2053 1024 2119 caclo
1051 2054 1212 2141 disposita
1239 2056 1320 2121 dixi.
1372 2080 1460 2121 nunc
1487 2081 1537 2122 cx·

395 2157 522 2245 plicabo
546 2178 628 2243 quae
649 2156 691 2218 ad
714 2156 879 2218 sinistram
902 2157 1036 2220 orientis
1059 2157 1314 2244 meridianisque
1335 2161 1485 2246 partibus
1499 2160 1537 2225 ab

348 2278 376 2325 15
394 2270 511 2323 natura
534 2267 608 2321 sunt
631 2256 817 2320 distributa.

326 2379 378 2428 v11
479 2361 626 2424 Primum
648 2358 708 2422 sub
737 2360 925 2445 capricorno
954 2358 1118 2423 subiectus
1147 2362 1247 2447 piscis
1274 2364 1443 2429 austrinus
1466 2387 1534 2430 cau·
1551 2373 1584 2439 (V)

395 2462 470 2525 dam
490 2461 692 2547 prospiciens
715 2460 789 2525 ceti.
826 2460 868 2524 ab
891 2483 928 2525 eo
951 2458 993 2523 ad
1017 2462 1223 2545 sagittarium
1245 2462 1335 2528 locus
1357 2476 1409 2531 est
1424 2467 1537 2532 inanis.

394 2562 574 2627 turibulum
608 2562 668 2626 sub
703 2563 882 2648 scorpionis
916 2561 1040 2627 aculeo.
1098 2566 1242 2629 centauri
1276 2567 1403 2652 priores
1433 2579 1537 2656 partes

394 2666 562 2751 proximae
597 2673 672 2727 sunt
707 2661 811 2727 librae
838 2671 870 2726 et
898 2666 1071 2751 scorpioni.
1127 2675 1216 2730 tenet
1248 2668 1284 2731 in
1317 2669 1471 2735 manibus
1499 2673 1537 2736 si-

345 2789 377 2834 co
395 2766 573 2831 mulacrum
610 2766 645 2829 id
674 2764 759 2851 quod
788 2766 928 2831 bestiam
956 2776 1118 2832 astrorum
1150 2770 1248 2855 periti
1280 2772 1538 2838 nominaverunt.

395 2869 557 2952 virginem
580 2876 612 2932 et
634 2867 759 2931 leonem
782 2878 813 2933 et
836 2890 989 2934 cancrum
1009 2872 1124 2953 anguis
1141 2873 1310 2958 porrigens
1331 2897 1452 2960 agmen
1467 2875 1538 2940 stel-
1577 2928 1580 2936 .

395 2969 500 3033 larum
521 2971 660 3034 intortus
684 2972 856 3055 succingit,
879 2972 1012 3055 regione
1035 2974 1143 3036 cancri
1167 2975 1295 3058 erigens
1317 2987 1477 3062 rostrum,
1499 2977 1537 3042 ad

395 3071 521 3136 leonem
555 3072 727 3157 medioque
761 3093 895 3157 corpore
927 3074 1092 3137 sustinens
1125 3084 1250 3138 cratera
1276 3076 1318 3139 ad
1346 3101 1538 3166 manumque

396 3174 535 3257 virginis
565 3174 702 3239 caudam
725 3172 906 3254 subiciens,
937 3174 971 3235 in
994 3196 1057 3259 qna
1080 3177 1165 3240 inest
1187 3199 1315 3242 corvus
1360 3192 1537 3266 quaesunt

345 3295 377 3342 25
395 3284 502 3338 autem
536 3298 634 3361 supra
667 3274 814 3361 scapulas
848 3296 1009 3362 peraeque
1043 3286 1119 3341 sunt
1151 3277 1303 3342 lucentia.
1353 3282 1396 3345 ad
1424 3286 1564 3370 anguisr

465 3465 477 3510 1
499 3478 590 3511 earnm
606 3465 734 3527 Herinpa:
755 3479 846 3512 eorum
862 3465 947 3517 EGH.
970 3461 982 3530 ))
1006 3470 1169 3530 exporrecta
1182 3470 1313 3534 Ilerinpa:
1334 3476 1377 3520 est
1390 3471 1415 3536 (e
1430 3472 1462 3538 Θ)
1481 3491 1537 3540 por-

397 3550 475 3595 recta
494 3546 579 3596 EGH.
596 3544 607 3612 ))
632 3564 646 3596 e
666 3562 718 3609 quo
732 3548 758 3610 (i.
770 3565 791 3597 e.
806 3547 889 3611 unde)
903 3566 963 3614 epo:
984 3565 1074 3614 aequa
1086 3551 1172 3602 ΕΘΙΙ.
1189 3550 1201 3618 ))
1220 3556 1236 3602 2
1254 3555 1333 3618 polus
1345 3557 1388 3605 bc:
1407 3564 1470 3622 post
1481 3559 1536 3624 plns

397 3629 477 3679 ΕΘΗ
488 3629 583 3693 (Llclr).
600 3627 611 3696 ))
628 3633 643 3681 3
663 3647 732 3695 quae
752 3632 815 3698 (que
831 3626 889 3694 ΕΘ)
911 3639 954 3683 est
969 3636 1206 3702 proxulrEGJma:
1225 3640 1263 3688 sic
1280 3639 1367 3690 ΕΘΗ.
1386 3638 1399 3706 ll
1414 3644 1431 3692 4
1444 3659 1537 3707 cynos·

397 3730 459 3778 sure
469 3714 528 3763 ΕΘ.
542 3711 553 3780 ))
570 3715 668 3765 5flexu
681 3717 724 3766 ccli
744 3714 786 3782 [u]‚
805 3719 877 3767 flexa
894 3726 954 3768 unte
971 3735 1039 3769 corr.
1054 3723 1075 3769 l:
1089 3721 1162 3770 fluxu
1172 3723 1253 3772 ΕΘΗ
1263 3707 1354 3786 (lec).
1372 3722 1384 3791 Ι)
1400 3727 1446 3777 hic
1462 3729 1535 3779 Heu:

396 3798 466 3847 haec
485 3799 547 3864 (hec
565 3799 623 3862 EG)
643 3801 727 3850 EGII.
749 3798 761 3865 Ι)
783 3803 799 3851 6
818 3819 847 3853 se
867 3803 1003 3853 adtollens
1021 3804 1173 3854 reflectitur
1192 3823 1208 3856 a
1227 3807 1288 3858 EG:
1312 3818 1359 3862 om.
1381 3811 1409 3859 H
1427 3809 1534 3875 (1310).)

397 3885 412 3950 7
431 3884 506 3932 circa
525 3888 654 3936 rostrum:
673 3888 710 3935 sic
723 3886 809 3936 ΕΘΗ.
832 3883 844 3952 1)
867 3890 883 3938 8
902 3887 1019 3952 coephei
1032 3890 1060 3938 H
1076 3886 1132 3953 (t).
1156 3887 1168 3956 Ι)
1193 3893 1223 3940 10
1242 3893 1389 3957 cassiopas
1408 3897 1437 3945 H
1456 3893 1534 3962 (Llc):

395 3968 474 4034 —pip
492 3968 549 4017 ΕΘ.
574 3965 585 4034 ))
610 3971 639 4019 11
660 3969 752 4018 stillae
771 3972 807 4022 II.
831 3968 843 4036 1)
868 3975 899 4022 13
918 3972 1135 4036 septentrionum
1154 3976 1183 4024 H
1200 3974 1284 4039 (Θθῖε,
1307 3983 1417 4042 septem
1435 3985 1469 4031 tr.
1489 3981 1533 4042 L):

395 4053 611 4116 septentrionem
630 4053 655 4101 E
678 4063 703 4103 et
722 4054 810 4118 (-nc)
830 4063 889 4105 ante
912 4072 981 4106 corr.
1002 4057 1030 4110 Θ.
1054 4055 1066 4124 Ι)
1094 4059 1152 4108 dixi
1177 4074 1237 4109 esse
1261 4075 1335 4110 nunc
1359 4060 1534 4125 (esse.Nnnc

395 4136 454 4195 ΕΘ)
473 4137 551 4186 ΕΘΗ
569 4137 639 4198 (esse
658 4141 707 4190 del.
725 4138 803 4201 loe).
829 4135 841 4205 ))
865 4141 896 4188 14
914 4141 950 4189 ab
969 4144 1069 4190 natura
1086 4147 1122 4194 lc:
1147 4143 1181 4192 ob
1204 4148 1305 4194 natura
1323 4147 1366 4206 H,
1390 4149 1425 4198 ob
1444 4151 1535 4198 naturi

397 4222 418 4270 Θ
435 4221 493 4283 (L),
514 4237 530 4269 a
542 4225 643 4272 natura
655 4223 687 4275 Ε,
711 4219 722 4289 Ι)
741 4226 771 4273 17
785 4225 841 4273 ceti
854 4225 932 4276 Pleu:
954 4225 1051 4290 cephei
1070 4227 1154 4276 ΕΘΗ.
1171 4223 1183 4292 ))
1201 4229 1232 4278 18
1248 4229 1386 4280 turribulis
1399 4241 1459 4283 ante
1471 4249 1534 4282 corr.

396 4305 424 4354 Θ.
437 4300 448 4370 ll
468 4307 499 4354 19
511 4307 648 4370 scorpioni
662 4307 760 4372 (stit).
780 4313 856 4358 tenet
869 4305 986 4372 (Bai·h.):
1007 4311 1179 4375 scorpionem
1193 4312 1270 4376 l—nc
1282 4314 1311 4375 Θ,
1326 4331 1423 4366 -nem
1435 4354 1441 4365 .
1452 4317 1487 4381 Ε)
1500 4322 1535 4366 te·

394 4393 461 4438 nent
472 4389 561 4440 EGH.
573 4385 584 4456 ))
596 4393 629 4442 20
638 4391 814 4457 Advirginem
821 4393 899 4443 ΕΘΗ
909 4393 955 4458 (ad
970 4397 1018 4445 del.
1029 4395 1123 4459 Man).
1136 4392 1147 4461 Ι)
1160 4398 1192 4446 22
1202 4401 1318 4447 rostrum
1330 4400 1402 4454 6010:
1417 4406 1535 4452 nostrum

395 4473 465 4535 (iffr‘n
484 4474 545 4537 ΕΘ)
564 4475 645 4526 ΕΘΗ
660 4477 718 4538 (scd
732 4493 813 4541 supra
833 4478 866 4527 G⁶
883 4494 933 4532 scr.
954 4478 1065 4542 rostri).
1089 4476 1101 4546 Ι)
1128 4483 1161 4530 23
1180 4485 1288 4531 cratera
1306 4485 1346 4546 (ut
1361 4502 1390 4549 p.
1407 4502 1463 4552 seq.
1481 4489 1534 4537 a?

395 4556 501 4621 omner):
517 4564 652 4609 craterem
664 4562 705 4611 bic
718 4562 802 4611 ΕΘΗ.
816 4557 828 4628 ))
839 4564 871 4611 24
884 4563 1029 4627 virgininis
1042 4563 1133 4625 Gbmn
1143 4564 1187 4629 Ε).
1201 4561 1212 4631 )Ι
1225 4580 1321 4619 corvos
1334 4569 1365 4619 H
1373 4568 1429 4635 (L).
1442 4566 1454 4637 Ι)
1467 4585 1533 4633 quse

395 4644 459 4689 sunt
468 4643 727 4695 sutem-lucentia
739 4654 799 4710 post
810 4646 938 4696 videntur
951 4665 973 4699 υ,
989 4651 1004 4696 t
1016 4664 1043 4712 p.
1055 4663 1109 4714 seq.
1123 4653 1253 4700 monaculis
1264 4652 1335 4704 Mar.
1347 4649 1359 4718 Ι)
1371 4655 1405 4704 25
1413 4654 1532 4705 lucentia

396 4725 450 4774 ert:
471 4724 596 4790 lugentis
614 4728 694 4777 ΕΘΗ
716 4724 728 4795 ἵ)
746 4729 880 4797 adanguis
892 4733 922 4782 H
934 4731 1018 4794 (Llc):
1038 4733 1136 4799 anguis
1155 4734 1204 4786 ΕΘ
1217 4733 1354 4803 (lugentia
1367 4739 1486 4804 anguis).
