3784 5625
378 617 440 681 184
701 696 704 702 ¹
865 628 1023 677 vrrnuvrr

377 787 411 849 in
428 807 491 871 qua
510 793 586 848 ante
609 783 737 848 fuerant
759 784 1002 870 proprietatem.
1045 780 1251 867 Pythagoras
1274 801 1372 862 vero,
1400 780 1518 868 Empe·
1613 813 1614 817 ,

378 885 499 967 docies,
522 884 736 972 Epicharmos
758 885 880 971 aliique
902 884 1033 971 physici
1056 890 1089 946 et
1115 880 1303 969 philosophi
1330 882 1413 946 haec
1434 884 1519 969 prin·
1572 900 1574 905 ·

379 988 466 1074 eipia
481 1008 552 1050 esse
568 994 722 1072 quattuor
737 994 986 1073 proposuerunt,
1008 1005 1116 1047 aerem
1131 984 1242 1068 ignem
1256 979 1378 1048 terram
1392 1005 1519 1069 aquam,

379 1110 552 1175 eorumque
575 1088 659 1151 inter
681 1110 716 1150 se
738 1088 976 1153 cohaerentiam
997 1083 1140 1149 naturali
1167 1084 1362 1170 figuratione
1385 1106 1403 1148 e
1425 1096 1519 1171 gene·

344 1207 359 1253 5
378 1212 449 1254 rum
478 1188 721 1254 discriminibus
750 1189 879 1254 efficere
902 1186 1086 1275 qualitates.
1129 1186 1422 1251 animadvertimus
1445 1206 1550 1252 veroa

377 1314 442 1356 non
469 1290 573 1357 solum
601 1291 769 1355 nascentia
796 1313 839 1355 ex
871 1291 921 1355 his
951 1310 1023 1353 esse
1055 1297 1224 1376 procreata
1253 1286 1312 1352 sed
1344 1290 1445 1353 etiam
1467 1297 1521 1355 ‘res

378 1415 489 1457 omnes
511 1414 578 1458 non
598 1391 643 1455 ali
665 1392 735 1455 sine
756 1413 867 1457 eorum
888 1398 1170 1478 potestateneque
1185 1410 1331 1455 crescere
1345 1412 1407 1455 nec
1428 1392 1522 1456 tueri.

379 1516 519 1581 namque
540 1515 675 1579 corpora
690 1494 760 1566 sine
775 1494 909 1581 spiritus
924 1492 1144 1557 redundantia
1158 1514 1223 1557 non
1245 1500 1383 1577 possunt
1398 1492 1523 1592 habere

380 1597 498 1678 vitam,
527 1596 593 1659 nisi
620 1616 676 1657 aer
702 1596 841 1660 influens
870 1591 944 1659 cuni
975 1596 1175 1665 incremento
1207 1592 1324 1658 fecerit
1349 1603 1466 1659 auctus
1493 1604 1523 1659 et

331 1714 362 1761 ιο
380 1697 587 1761 remissiones
615 1697 829 1762 continenter.
879 1696 994 1761 caloris
1017 1717 1095 1761 vero
1122 1696 1243 1773 sinon
1271 1693 1372 1761 fuerit
1398 1696 1435 1760 in
1456 1718 1522 1762 cor-

381 1819 459 1885 pore
481 1798 568 1861 iusta
591 1800 804 1884 comparatio,
827 1820 893 1862 non
916 1797 977 1861 erit
999 1798 1134 1884 spiritus
1157 1795 1307 1861 animalis
1329 1818 1436 1883 neque
1459 1820 1522 1861 ere-

382 1900 446 1962 ctio
468 1898 578 1981 firma,
602 1898 731 1985 cibique
753 1901 841 1963 vires
862 1920 927 1963 non
949 1908 1101 1985 poterunt
1122 1897 1242 1963 habere
1264 1898 1423 1963 coctionis
1446 1908 1522 1963 tem·

383 2008 577 2087 paraturam.
621 2000 708 2078 item>
723 2001 751 2064 si
772 2024 838 2075 non
858 2002 1006 2065 terrestri
1028 2000 1101 2064 cibo
1116 1999 1261 2064 membra
1276 2001 1423 2087 corporis
1438 2000 1523 2064 alan·

384 2112 454 2184 tur,
478 2099 670 2166 deficientur
692 2110 724 2166 et
746 2104 793 2166 ita
812 2125 832 2165 a
854 2106 974 2167 terreni
996 2101 1151 2189 principii
1172 2101 1331 2165 mixtione
1354 2111 1450 2166 amnt
1471 2102 1522 2165 de·

333 2220 363 2267 15
382 2211 478 2266 serta.
522 2202 675 2266 animalia
690 2225 767 2270 vero
790 2204 819 2267 si
841 2203 963 2269 fuerint
985 2206 1055 2269 sine
1069 2204 1191 2268 umoris
1213 2210 1387 2289 potestate,
1411 2222 1552 2269 exeant

382 2305 517 2389 guinata
551 2314 583 2369 et
616 2314 772 2369 exsucata
805 2328 825 2369 a
858 2306 1094 2393 principiorum
1127 2304 1251 2391 liquore
1279 2305 1521 2371 interarescent.

383 2408 484 2491 igitur
507 2407 620 2471 divina
648 2428 739 2471 mens
763 2429 845 2494 quae
872 2408 1004 2495 proprie
1031 2407 1214 2471 necessaria
1236 2415 1345 2471 essent
1372 2407 1523 2493 gentibus

382 2531 447 2571 non
470 2509 640 2573 constituit
666 2508 814 2573 difficilia
841 2518 873 2573 et
900 2530 990 2592 cara,
1021 2510 1070 2574 uti
1089 2508 1172 2595 [sunt
1193 2508 1391 2595 margaritae
1412 2532 1524 2575 amum

383 2619 554 2694 argentum
575 2598 849 2697 ceteraqucquae
870 2632 976 2696 neque
998 2632 1114 2697 corpus
1136 2615 1197 2674 irec
1218 2619 1334 2674 natura
1349 2611 1524 2694 desiderat,

333 2729 366 2776 ‘20
384 2711 442 2774 sed
465 2712 536 2776 sine
554 2712 670 2798 quibus
693 2711 879 2778 mortalium
895 2714 965 2776 vita
979 2735 1044 2777 non
1065 2722 1261 2799 potestesse
1282 2721 1364 2795 tuta,
1388 2735 1428 2777 ea
1441 2714 1524 2778 fudit

384 2812 427 2876 ad
456 2835 587 2877 manum
613 2822 726 2899 parata
752 2836 811 2902 per
838 2836 966 2879 omnem
992 2814 1159 2880 mundum.
1202 2817 1313 2901 itaque
1335 2837 1379 2879 ex
1401 2817 1469 2900 his,
1497 2818 1525 2881 si

385 2912 464 3000 quid
486 2914 571 2979 forte
586 2913 665 2978 defit
687 2916 722 2978 in
744 2937 878 3003 corpore
900 2918 1051 3003 spiritua,
1074 2917 1117 2980 ad
1138 2915 1378 2981 restituendum
1398 2940 1456 2982 aer
1469 2918 1523 2982 ad·

385 3017 533 3100 signatus
550 3016 585 3080 id
607 3026 761 3102 praestat.
798 3027 973 3105 apparatus
988 3028 1097 3083 autem
1111 3018 1154 3082 ad
1175 3016 1300 3083 auxilia
1315 3017 1432 3083 caloris
1449 3017 1524 3084 solis

385 3114 525 3205 impetus
554 3127 586 3183 et
612 3119 700 3204 ignis
722 3120 875 3184 inventus
897 3121 1051 3184 tutiorem
1073 3120 1175 3184 efficit
1201 3121 1312 3184 vitam.
1357 3121 1438 3186 item
1463 3130 1525 3186 ter-

334 3240 367 3288 25
385 3242 481 3284 renus
504 3220 628 3286 fructus
651 3243 797 3286 escarum
818 3231 986 3308 praestans
1010 3223 1112 3309 copiis
1128 3223 1339 3309 supervacuis
1363 3221 1524 3288 desidera-

384 3321 489 3386 tiones
516 3319 546 3385 al
569 3329 578 3381 t
605 3331 637 3388 et
663 3325 767 3389 nutrit
799 3322 955 3389 animales
987 3323 1150 3410 pascendo
1179 3325 1394 3390 continenter.
1444 3347 1526 3413 aqua

455 3496 464 3535 1
488 3493 570 3556 inqua
588 3493 620 3546 L.
646 3491 658 3561 Η
681 3499 746 3546 ante
767 3497 820 3546 GH
841 3496 886 3560 (Ic,
910 3501 994 3547 antea
1016 3496 1061 3561 Ε).
1083 3493 1095 3562 ll
1118 3497 1231 3547 fuerant
1254 3497 1276 3547 Θ
1298 3495 1360 3563 (L):
1384 3498 1478 3550 fuerat
1499 3499 1526 3548 H

383 3586 440 3639 με).
459 3572 470 3642 Η
485 3576 682 3640 proprietatem
693 3581 724 3628 H
735 3579 807 3643 (-te
825 3581 881 3646 Lt):
901 3585 1009 3630 -tates
1023 3581 1053 3635 Θ.
1067 3577 1079 3646 ΙΙ
1096 3581 1295 3647 Ξθρίοὶιατωοε
1306 3582 1393 3634 ΕΘΗ.
1408 3579 1423 3649 ΙΙ
1438 3587 1527 3636 3esse

388 3664 530 3725 quattuor:
549 3662 587 3711 sic
602 3661 689 3716 ΕΘΗ,
707 3660 719 3730 [Ι
736 3680 827 3716 aerem
839 3666 879 3716 hic
891 3680 984 3716 omnes.
1001 3662 1012 3732 ΙΙ
1028 3673 1131 3716 terram
1143 3682 1256 3731 aquamr
1274 3669 1312 3719 sic
1324 3668 1412 3718 EGH.
1429 3665 1528 3735 [1400-

387 3745 559 3794 haerentiam
578 3746 649 3800 Get:
669 3748 829 3802 coherentia
847 3750 933 3802 EGH.
956 3747 967 3815 ΙΙ
989 3766 1135 3816 egenorum
1158 3751 1239 3803 ΕΘΗ
1255 3749 1310 3815 (ΕΙ,
1329 3768 1461 3818 generum
1484 3770 1528 3806 om.

386 3841 479 3894 praep.
492 3828 545 3895 cd).
563 3827 574 3899 Η
591 3834 606 3882 7
620 3832 659 3881 ali
671 3824 726 3883 ΙΘΗ
733 3831 819 3898 (Las,
831 3834 879 3883 alii
889 3839 906 3900 l,
917 3835 1010 3902 alique
1022 3845 1081 3887 ante
1091 3852 1143 3890 ras.
1156 3833 1203 3902 L):
1218 3836 1299 3887 aliter
1308 3837 1342 3886 Ε.
1359 3833 1372 3904 [Ι
1387 3840 1404 3888 8
1416 3839 1528 3904 spiritus

388 3914 478 3968 Sada:
506 3917 607 3981 spiritu
624 3916 709 3968 ΕΘΗ.
732 3914 744 3985 Η
775 3922 806 3973 10
829 3921 1007 3970 continentur
1030 3919 1131 3984 G(non
1148 3921 1194 3984 Ε).
1221 3916 1234 3987 [Ι
1251 3921 1363 3976 caloris
1385 3921 1468 3973 ΕΘΗ
1486 3919 1528 3988 (L,

389 3999 489 4050 coloris
507 4000 550 4063 tc).
569 3996 582 4067 ΙΙ
604 4003 634 4050 12
654 4003 801 4053 coctionis:
819 4005 857 4055 sic
874 4004 961 4059 ΕΘΗ.
985 4000 997 4070 [Ι
1021 4007 1052 4054 14
1070 4004 1233 4055 deficientur
1249 4006 1279 4055 Η
1296 4001 1382 4069 (Llciz
1401 4006 1530 4057 deficient

388 4085 444 4135 EG.
464 4080 478 4151 Η
499 4085 530 4135 15
547 4085 669 4136 humoris
688 4086 721 4144 Ε,
739 4089 841 4138 umoris
860 4089 914 4138 ΘΗ
929 4085 1040 4152 (umeris
1057 4096 1118 4140 ante
1135 4106 1203 4140 corr.
1216 4090 1253 4152 H,
1272 4091 1374 4141 umeris
1386 4091 1420 4154 L,
1437 4091 1530 4141 hume-

388 4168 424 4217 ris
443 4169 486 4232 tc).
508 4165 520 4234 Η
544 4170 575 4218 16
595 4174 728 4220 exsucata
748 4172 801 4221 ΘΗ
816 4171 858 4236 (Ε,
874 4173 1015 4224 exsiccata
1031 4172 1076 4239 le),
1095 4170 1291 4239 exsuccataEss
1314 4171 1326 4241 ΙΙ
1346 4175 1531 4228 iterarescent

389 4255 419 4300 tc.
443 4250 455 4318 ΙΙ
480 4255 511 4304 19
528 4269 617 4319 neque
638 4271 735 4320 corpus
753 4272 804 4308 nec
821 4258 853 4307 H
869 4256 957 4322 (ch)2*
971 4273 1060 4324 neque
1079 4273 1178 4323 corpus
1195 4273 1285 4323 neque
1303 4259 1361 4310 ΕΘ.
1379 4256 1391 4326 ΙΙ
1411 4263 1445 4312 20
1463 4263 1529 4317 tuta,

390 4351 424 4386 ea
442 4337 513 4387 fudit
531 4355 578 4404 epo
597 4338 703 4404 (effudit
721 4339 786 4404 ed.):
808 4343 963 4394 tutaefudit
980 4345 1012 4392 H
1031 4343 1122 4407 (tutae
1141 4342 1214 4392 fudit
1231 4360 1256 4403 c,
1277 4347 1339 4394 tuta
1364 4344 1463 4395 effudit
1480 4345 1529 4401 cvi,

389 4425 450 4476 tuta
466 4419 470 4485 Ι
486 4422 575 4486 efudit
592 4427 612 4482 l,
635 4428 694 4492 tute
714 4424 786 4475 fudit
802 4424 851 4491 L),
876 4432 936 4478 tuta
955 4428 1026 4478 fudit
1043 4428 1102 4480 ΕΘ.
1121 4424 1133 4495 [Ι
1156 4429 1189 4476 22
1207 4427 1274 4478 defit
1297 4430 1351 4479 ΘΗ
1366 4429 1437 4495 (Ll):
1462 4429 1530 4481 desit

390 4504 415 4552 Ε
434 4504 494 4573 (ch).
518 4503 530 4573 ΙΙ
553 4510 585 4558 23
604 4508 721 4561 auxilia:
739 4511 776 4560 sir
794 4511 881 4562 ΕΘΗ.
905 4508 917 4578 Η
940 4512 1041 4564 caloris
1059 4513 1109 4563 ΕΘ
1127 4512 1207 4577 (Ll⁶):
1228 4512 1373 4564 colorisH
1387 4511 1413 4578 (c
1430 4523 1457 4566 et
1472 4521 1529 4564 ante
1577 4513 1579 4516 ’

391 4605 461 4639 corr.
478 4591 505 4653 l).
528 4587 540 4657 ΙΙ
562 4593 596 4642 25
614 4593 833 4646 desiderationes
858 4594 904 4660 (sc.
927 4596 1016 4660 —nis)
1039 4597 1128 4650 Selia:
1152 4597 1401 4650 desiderationibus
1426 4598 1474 4664 (sic
1495 4599 1528 4660 H,

391 4675 484 4738 -nm3
501 4674 560 4742 Ee)
580 4676 665 4731 reli.
