3784 5625
390 640 454 704 260
880 652 1040 699 vrruuvu

389 831 463 872 curn
486 808 593 871 catino
610 828 712 869 cuneo
727 806 862 868 traiecto
879 806 1074 885 continetur,
1097 825 1139 866 ne
1160 804 1212 866 vis
1228 802 1408 866 inflationis
1431 825 1533 889 aquae

390 932 460 973 earn
483 917 578 993 cogat
601 905 732 970 elevari.
777 908 911 993 insuper
933 905 1052 986 fistula,
1076 927 1159 991 quae
1181 904 1261 968 tuba
1284 904 1416 986 dicitur,
1440 926 1533 989 eoag-

387 1020 532 1073 mentata
555 1010 589 1072 in
612 1007 787 1072 altitudine
809 1009 846 1071 fit
869 1017 987 1071 erecta.
1016 1006 1150 1071 modioli
1172 1016 1282 1070 autem
1303 1006 1428 1070 habent
1450 1006 1533 1069 infra

387 1134 482 1176 nares
505 1112 676 1173 inferiores
698 1107 882 1173 fistularum
904 1130 994 1172 asses
1018 1109 1228 1194 interpositos
1251 1130 1351 1195 supra
1373 1108 1534 1172 foramina

352 1228 497 1278 beorum
532 1233 614 1297 quae
648 1220 723 1275 sunt
751 1213 785 1275 in
816 1210 938 1274 fundis.
983 1212 1030 1273 ita
1062 1209 1104 1272 de
1136 1211 1285 1296 supernis
1319 1211 1355 1273 in
1384 1209 1562 1274 modiolis3

387 1313 507 1379 emboli
529 1310 668 1377 masculi
691 1321 783 1376 torno
806 1311 900 1399 politi
930 1321 962 1374 et
989 1310 1060 1375 oleo
1089 1312 1218 1375 subacti
1246 1310 1458 1397 conclusique
1484 1334 1531 1374 re-

386 1414 471 1501 gulis
496 1424 528 1477 et
550 1414 699 1477 vectibus
724 1413 974 1478 commoliuntur
996 1415 1052 1497 qui
1076 1415 1137 1476 erit
1152 1434 1207 1475 aer
1229 1411 1276 1476 ibi
1298 1434 1374 1476 cum
1395 1434 1482 1500 aqua
1504 1422 1533 1477 et

385 1516 513 1581 assibus
530 1514 758 1582 obturantibus
775 1515 934 1580 foramina
956 1524 1109 1599 cogentes
1125 1514 1262 1578 trudunt
1276 1514 1423 1578 inflando
1446 1536 1533 1601 pres·

387 1618 534 1683 sionibus
557 1638 615 1702 per
637 1615 819 1679 fistularum
841 1638 935 1679 nares
958 1638 1076 1701 aquam
1097 1617 1132 1679 iu
1155 1618 1315 1698 catinum,
1345 1638 1364 1679 e
1393 1638 1459 1703 quo
1486 1638 1533 1679 re·
1563 1684 1565 1687 ,

337 1734 368 1781 10
387 1720 510 1806 cipiens
534 1718 672 1803 paenula
694 1718 812 1803 spiritu
834 1718 991 1803 exprimit
1013 1740 1071 1803 per
1092 1715 1234 1781 fistulam
1256 1719 1290 1781 in
1313 1715 1533 1799 altitudinem,

387 1831 419 1885 et
441 1822 487 1884 ita
510 1842 552 1883 ex
570 1810 727 1883 'inferiore
750 1818 819 1882 loco
844 1818 976 1884 castello
1000 1818 1167 1883 conlocato
1183 1819 1225 1881 ad
1238 1817 1428 1883 saliendum
1450 1841 1535 1905 aqua

386 1921 660 1986 subministratur.

470 2023 539 2086 Nec
561 2032 669 2085 tamen
692 2022 773 2084 haec
796 2020 864 2085 sola
885 2024 970 2088 ratio
986 2022 1126 2087 Ctesibii
1146 2022 1250 2086 fertur
1272 2023 1452 2109 exquisita,
1477 2022 1567 2087 sed4

386 2126 484 2187 etiarn
506 2122 615 2210 plures
640 2133 672 2186 et
694 2124 796 2186 variis
819 2124 995 2207 generibus
1019 2124 1060 2187 ab
1084 2146 1121 2188 eo
1143 2123 1277 2209 liquoris
1306 2124 1534 2211 pressionibus

336 2241 367 2288 15
386 2235 498 2289 coacto
521 2226 640 2311 spiritu
663 2224 775 2287 efferre
802 2225 843 2289 ab
871 2236 988 2289 natura
1009 2234 1173 2312 mutuatos
1198 2226 1330 2289 effectus
1354 2226 1533 2290 ostendun-

384 2337 447 2407 tur,
470 2328 524 2390 uti·
542 2323 739 2389 merularum
761 2348 863 2411 aquae
879 2337 968 2392 motu
984 2350 1080 2391 voces
1095 2338 1194 2413 atque
1208 2327 1393 2411 angobatae
1417 2328 1533 2391 biben-

384 2431 493 2516 tiaque
517 2438 548 2491 et
572 2428 686 2490 eadem
708 2429 874 2491 moventia
897 2428 1018 2513 sigilla,
1042 2438 1214 2515 ceteraque
1237 2451 1319 2514 quae
1341 2427 1532 2494 delectatio-

383 2530 481 2620 nibus
505 2531 671 2595 oculorum
694 2539 726 2593 et
748 2530 874 2593 aurium
889 2552 952 2593 usu
973 2553 1087 2594 sensus
1104 2530 1342 2595 oblandiuntur.
1377 2552 1395 2593 e
1412 2531 1532 2616 quibus
1549 2546 1563 2593 5

383 2654 465 2718 quae
487 2632 631 2695 maxime
652 2631 749 2695 utilia
772 2641 804 2695 et
825 2634 1009 2695 necessaria
1023 2632 1171 2696 iudicavi
1187 2630 1300 2716 selegi,
1325 2642 1357 2695 et
1371 2632 1408 2695 in
1422 2634 1532 2719 priore

332 2748 365 2795 20
383 2733 549 2797 volumine
572 2731 830 2818 dehorologiis,
858 2734 893 2796 in
915 2732 978 2796 hoc
999 2734 1041 2795 de
1063 2733 1329 2820 expressionibus
1353 2755 1459 2820 aquae
1483 2734 1530 2797 di-

384 2836 522 2898 cendum
544 2836 670 2921 putavi.
714 2834 841 2922 reliqua
860 2853 946 2921 'quae
969 2858 1034 2900 non
1056 2846 1131 2899 sunt
1153 2836 1194 2899 ad
1218 2836 1448 2900 necessitatem
1471 2835 1530 2900 sed

382 2937 425 2999 ad
448 2935 640 3000 deliciarum
662 2935 864 3021 voluptatem
887 2938 943 3023 qui
971 2937 1155 3024 cupidiores
1185 2948 1279 3001 erunt
1306 2938 1375 3000 eius
1399 2936 1527 3001 subtili·

286 3057 290 3062 ·
382 3040 459 3103 tatis
484 3061 526 3102 ex
547 3039 650 3124 ipsius
674 3036 814 3102 Ctesibii
837 3041 1078 3103 commentariis
1101 3049 1253 3126 poterunt
1275 3041 1435 3103 invenire.

448 3350 463 3396 2
483 3347 587 3397 elevari
605 3346 695 3397 Sota:
716 3363 779 3397 —re
800 3347 857 3397 GH.
877 3344 890 3414 ss
910 3351 926 3398 3
944 3348 1090 3398 altitudine
1108 3348 1138 3398 H
1155 3345 1238 3413 (Llc):
1257 3351 1325 3398 -ne
1344 3350 1373 3399 G.
1394 3345 1406 3414 ΙΙ
1427 3351 1443 3399 7
1462 3364 1524 3400 con-

380 3431 517 3482 moluntur
536 3430 730 3493 (·-moliuntur
748 3433 818 3484 Mar.
837 3449 891 3482 cum
908 3432 974 3496 rec.)
994 3435 1041 3496 qui
1059 3433 1119 3482 erit
1131 3449 1187 3482 aer.
1206 3433 1246 3482 ibi
1268 3435 1301 3482 cd
1321 3447 1395 3496 aqua
1420 3432 1461 3496 (et
1478 3436 1522 3484 ad·

380 3514 444 3577 didi)
465 3515 572 3564 assibus
593 3516 651 3568 GH.
673 3511 685 3581 11
709 3518 724 3566 8
743 3517 943 3567 obdurantibus
963 3518 1014 3567 GH
1032 3515 1075 3580 (L,
1089 3518 1283 3567 obturantibus
1302 3517 1346 3582 Ic).
1362 3513 1374 3582 ΙΙ
1396 3524 1521 3583 cogentes

379 3598 494 3648 trudunt
516 3615 561 3663 eqo
590 3597 704 3665 (cogunt
727 3606 754 3650 et
777 3601 924 3650 extrudunt
946 3603 1033 3666 doct:
1063 3602 1338 3666 cogent.extrudent
1365 3601 1425 3650 GH.
1453 3599 1466 3667 ΙΙ
1492 3605 1520 3651 10

380 3684 478 3747 spiritu
497 3684 587 3737 Peru:
607 3686 720 3749 spiritus
741 3686 799 3735 GH.
821 3681 832 3750 ΙΙ
858 3688 887 3734 11
906 3687 1037 3736 inferiore
1050 3677 1120 3737 doc:
1139 3687 1272 3736 interiore
1292 3686 1349 3734 GH.
1371 3682 1386 3752 Η
1409 3689 1441 3737 13
1461 3685 1519 3736 cte-

380 3767 445 3817 sibii
462 3769 529 3818 doc:
549 3766 713 3818 &hesibiH
723 3767 863 3832 (ethesibi
882 3771 916 3826 L,
934 3771 1022 3835 quibus
1040 3773 1077 3820 L⁶
1098 3773 1165 3821 linea
1182 3772 1305 3821 subducta
1320 3786 1403 3834 supra
1419 3772 1520 3834 scripsit

379 3867 406 3916 p.
426 3853 643 3916 n.=proprium
666 3852 789 3917 nomen),
813 3858 842 3902 et
863 3854 897 3918 he
921 3855 976 3902 sibi
997 3855 1018 3904 G
1037 3854 1082 3917 (lc,
1106 3855 1197 3920 hesibi
1223 3856 1291 3918 conj.
1317 3854 1373 3919 Gc).
1395 3851 1408 3920 ll
1435 3857 1466 3905 14
1487 3855 1517 3904 ab

381 3953 413 3987 eo
432 3935 478 3999 (sc.
501 3936 621 4000 Ctesibio)
641 3937 756 4001 liquoris
775 3954 834 4000 eqo:
856 3939 890 3987 ab
904 3954 936 3987 eo
955 3939 1059 4004 liquore
1080 3940 1138 3993 GH.
1162 3936 1174 4004 {l
1198 3942 1230 3990 15
1243 3943 1339 3989 coacto
1353 3938 1452 4003 (Mar.)
1470 3939 1518 4004 spi·

379 4021 435 4069 ritu
454 4019 546 4084 (Joc.):
571 4025 685 4094 coactae
706 4021 777 4086 (—te
798 4021 830 4082 G)
854 4025 970 4087 spiritus
990 4023 1048 4075 GH.
1071 4021 1084 4089 Η
1111 4024 1291 4074 ostenduntur
1313 4025 1367 4074 ed:
1391 4024 1519 4074 x--dentur

380 4105 434 4154 GH
450 4106 491 4168 (L,
511 4105 617 4154 -ditur
636 4104 679 4170 lc).
704 4103 716 4171 ΙΙ
741 4107 772 4154 16
792 4107 958 4156 merularum
977 4124 1066 4172 aquae
1084 4111 1160 4156 motu
1182 4108 1324 4159 Turnebus:
1342 4108 1519 4158 merularum·

379 4204 432 4252 qne
452 4188 584 4255 (-rumq;
602 4189 644 4254 LI,
664 4191 730 4238 —rsi
749 4204 820 4253 quae
840 4192 871 4252 G)
891 4195 967 4242 motu
987 4192 1045 4244 GH.
1070 4187 1083 4256 11
1105 4206 1190 4242 voces
1208 4193 1237 4241 H
1254 4189 1337 4255 (Ηώς
1361 4193 1440 4242 vocis
1459 4192 1487 4246 G.
1505 4186 1516 4257 ll

378 4273 550 4339 angebatae:
571 4275 727 4338 angubatae
748 4275 776 4323 H
794 4272 874 4340 (Llc),
894 4278 1034 4342 angebate
1056 4280 1084 4330 G.
1108 4272 1120 4340 ΙΙ
1143 4277 1296 4341 bibentiaq3
1316 4275 1517 4341 (libentiaq3b)

378 4355 400 4405 ds
424 4355 463 4421 (et
482 4357 513 4420 G)
533 4358 630 4408 eadem
647 4363 758 4408 movent
781 4374 814 4408 ea
834 4357 984 4424 (moventia
1002 4360 1086 4424 Mar.)
1109 4360 1205 4426 sigilla
1225 4357 1312 4425 GHH
1329 4361 1361 4410 18
1381 4361 1518 4410 exaurium

376 4444 407 4491 lc.
431 4437 443 4507 ll
467 4441 673 4494 oblandiuntur:
691 4445 730 4493 sie
743 4445 801 4494 GH.
823 4439 834 4510 ll
855 4447 886 4495 19
904 4445 1028 4495 iudicavi
1046 4446 1135 4511 selegi
1152 4446 1222 4498 dou:
1241 4445 1381 4494 iudicabis
1399 4446 1474 4510 elegi
1491 4446 1517 4502 G.

376 4525 512 4575 iudicauis
531 4526 603 4592 elegi
621 4528 652 4575 H
662 4527 727 4590 (Llc,
740 4531 787 4578 sed
798 4530 836 4578 L⁶
848 4529 972 4579 indicaui
984 4529 1066 4594 elegi,
1084 4540 1112 4579 cc
1129 4537 1154 4580 et
1165 4530 1182 4579 Ιι
1193 4529 1377 4579 iudicauimus
1396 4529 1491 4595 elegi).
1505 4525 1515 4592 ll

376 4611 409 4657 22
427 4610 597 4674 voluptatem
610 4611 679 4663 doc:
709 4612 878 4664 voluntatem
899 4613 957 4666 GH.
977 4611 991 4680 ll
1010 4616 1043 4664 23
1062 4614 1181 4664 Ctesibii
1198 4615 1268 4664 doc:
1287 4613 1411 4664 ethesibi
1428 4616 1461 4664 H
1476 4612 1516 4678 (L,

377 4689 489 4742 &hesibi
507 4695 544 4751 ch,
565 4695 684 4759 ethesibi
701 4696 730 4761 I),
750 4697 845 4761 ethes
863 4698 903 4746 ibi
922 4698 951 4751 G.
