3784 5625
709 668 756 713 ns
778 669 1045 717 racnrrscrusr
1069 671 1137 717 ma
1161 673 1193 718 v.
1458 661 1517 722 117

374 819 560 885 scribantur
581 823 711 905 trigona
734 821 867 907 paribus
890 821 1047 886 lateribus
1077 831 1108 885 et
1130 822 1331 906 intervallis,
1355 847 1437 909 quae
1461 848 1516 889 ex-

372 932 508 985 tremam
523 922 643 985 lineam
659 922 881 985 circinationis
903 931 1051 1005 tangant,
1075 924 1193 1007 quibus
1217 926 1315 987 etiam
1338 927 1372 988 in
1395 926 1515 990 duode-

372 1025 436 1087 cim
463 1026 631 1108 signorum
659 1021 846 1086 caelestium
873 1022 1051 1107 astrologia
1078 1046 1121 1087 cx
1142 1026 1266 1088 musica
1288 1028 1516 1091 convenientia

371 1134 532 1189 astrorum
563 1125 811 1189 ratiocinantur.
855 1128 908 1187 'ex
935 1123 986 1186 his
1014 1126 1152 1209 trigonis
1181 1127 1273 1191 cuius
1302 1125 1388 1191 latus
1416 1131 1515 1193 l'uerit

370 1227 555 1311 proximum
587 1247 740 1305 scaenae,
776 1246 814 1287 ea
845 1225 981 1309 regione
1015 1247 1078 1310 qua
1110 1226 1271 1311 praecidit
1305 1238 1547 1293 curvaturam5

370 1327 608 1409 circinationis,
638 1326 686 1390 ibi
713 1325 846 1389 finiatur
872 1346 1009 1389 scaenae
1037 1325 1144 1409 frons,
1173 1336 1205 1391 et
1233 1328 1275 1392 ab
1304 1350 1341 1392 eo
1363 1328 1434 1394 loco
1456 1354 1514 1416 per

370 1439 515 1493 centrum
543 1426 714 1514 parallelos
743 1424 831 1489 linea
853 1426 1007 1507 ducatur,
1035 1449 1118 1512 quae
1140 1428 1308 1513 disiungat
1330 1434 1513 1516 proscaenii

334 1530 533 1615 apulpitum
566 1539 598 1593 et
625 1528 810 1592 orchestrae
836 1529 1012 1612 regionem.
1062 1530 1109 1593 ita
1136 1527 1234 1593 latius
1260 1529 1385 1594 factum
1413 1532 1513 1596 fuerit

367 1630 531 1717 pulpitum
554 1652 651 1716 quam
674 1626 888 1710 Graecorum,
912 1629 1000 1714 quod
1022 1651 1133 1694 omnes
1162 1628 1302 1694 artifices
1332 1632 1367 1694 in
1395 1655 1513 1697 scaena

368 1733 448 1796 dant
463 1753 603 1818 operam.
635 1732 669 1793 in
684 1730 850 1794 orchestra
864 1741 975 1794 autem
990 1740 1177 1794 senatorum
1192 1740 1268 1794 sunt
1290 1732 1424 1797 sedibus
1439 1735 1511 1799 loca
1531 1746 1563 1793 10

367 1832 556 1916 designata,
581 1833 697 1895 eteius
713 1830 833 1918 pulpiti
847 1830 987 1897 altitudo
1003 1834 1046 1897 sit
1061 1854 1102 1895 ne
1116 1830 1190 1919 plus
1213 1831 1333 1917 pedum
1355 1836 1510 1921 quinque,
1593 1820 1599 1831 ⁵

365 1934 416 1997 uti
431 1935 486 2019 qui
501 1934 536 1996 in
558 1933 724 1997 orchestra
747 1932 902 2015 sederint,
926 1943 1074 2019 spectare
1096 1934 1223 2019 possint
1246 1936 1390 2003 omnium
1411 1958 1510 2021 agen-

365 2036 448 2098 tium
469 2044 593 2119 gcstus.
638 2035 734 2097 cunei
757 2033 1018 2120 spectaculorum
1040 2036 1075 2098 in
1097 2035 1224 2099 theatro
1247 2036 1294 2099 ita
1316 2036 1510 2102 dividantur

365 2137 414 2199 uti
443 2135 557 2220 anguli
585 2137 805 2220 trigonorum,
835 2137 891 2221 qui
914 2145 1049 2200 currunt
1071 2138 1193 2200 circum
1216 2146 1425 2201 curvaturam
1448 2141 1508 2202 cir-

364 2237 555 2318 cinationis,
585 2237 729 2321 dirigant
757 2258 912 2300 ascensus
935 2235 1106 2323 scalasque
1127 2238 1213 2300 inter
1235 2258 1354 2301 cuneos
1376 2238 1419 2301 ad
1441 2242 1506 2323 pri·
1528 2252 1558 2298 15

364 2360 449 2401 mam
472 2339 762 2423 praecinctionem,
786 2361 891 2423 ,supra
919 2348 1029 2401 autem
1056 2335 1190 2400 alternis
1213 2337 1386 2401 itineribus
1409 2362 1504 2425 supe-

330 2459 345 2505 3
363 2439 464 2502 riores
488 2442 582 2504 cunei
603 2438 704 2503 medii
727 2438 920 2522 dirigantur.
966 2440 996 2501 ei
1023 2448 1131 2502 autem
1154 2438 1211 2523 qui
1233 2446 1309 2500 sunt
1330 2439 1365 2500 in
1386 2439 1451 2502 imo
1474 2450 1506 2503 et

364 2538 512 2624 dirigunt
539 2540 691 2623 scalaria,
722 2550 815 2604 crunt
847 2560 982 2603 numero
1012 2556 1078 2619 Vll,
1107 2537 1225 2623 reliqui
1253 2538 1395 2623 quinque
1416 2526 1525 2602 scae-⁴

362 2663 424 2704 nae
451 2641 672 2726 designabunt
699 2642 985 2727 compositionem,
1014 2650 1046 2703 et
1072 2660 1156 2702 unus
1184 2637 1311 2703 medius
1334 2649 1447 2703 contra
1469 2662 1504 2704 sc

362 2741 478 2805 valvas
505 2745 612 2829 regias
636 2741 756 2806 habere
779 2742 892 2824 debet,
922 2742 1032 2828 etqui
1056 2748 1150 2803 erunt
1172 2739 1290 2803 dextra
1311 2763 1350 2803 ac
1371 2742 1504 2806 sinistra
1521 2752 1555 2800 20

361 2843 609 2930 hospitaliorum
630 2845 849 2930 designabunt
878 2845 1160 2930 compositionem,
1184 2844 1323 2906 extremi
1344 2843 1409 2910 duo
1432 2868 1504 2932 spe·
1548 2875 1554 2887 ·

362 2945 498 3010 ctabunt
519 2948 637 3010 itinera
659 2968 877 3010 versurarum.
921 2944 1044 3030 gradus
1066 2943 1325 3033 spectaculorum
1347 2946 1405 3011 ubi
1427 2946 1503 3011 sub·

361 3046 455 3111 sellia
483 3057 717 3135 componantur
744 3069 784 3110 nc
807 3049 914 3110 minus
937 3046 996 3110 alti
1019 3048 1085 3111 sint
1106 3047 1230 3132 palmo,
1260 3069 1300 3109 ne
1322 3046 1396 3132 plus
1418 3048 1502 3133 pede

361 3156 392 3212 et
420 3148 534 3233 digitis
562 3171 636 3230 sex,
665 3147 856 3214 latitudines
885 3170 997 3212 eorum
1024 3170 1066 3211 ne
1087 3147 1160 3234 plus
1183 3147 1281 3233 pedes
1304 3147 1369 3212 duo
1391 3151 1511 3232 semis,

327 3264 400 3312 sne
427 3251 536 3316 minus
563 3250 662 3337 pedes
691 3250 755 3316 duo
784 3251 1033 3314 constituantur.
1089 3258 1212 3312 tectum
1237 3250 1382 3334 porticus
1411 3250 1498 3335 quod
1516 3259 1568 3308 Vll
1614 3306 1622 3311 .
1689 3308 1690 3311 ,

358 3351 505 3415 futurum
532 3363 581 3417 est
609 3354 643 3416 in
671 3375 797 3416 summa
824 3350 1032 3436 gradatione,
1061 3372 1135 3414 cum
1163 3371 1299 3415 scaenae
1326 3349 1500 3416 altitudine
1518 3361 1550 3408 26

426 3574 571 3639 lparibus
590 3577 623 3625 G:
649 3576 775 3640 partibus
793 3577 822 3624 H
839 3573 918 3639 (Δία).
943 3571 955 3640 Η
981 3574 1115 3624 lateribus
1133 3572 1168 3623 *et
1188 3573 1344 3624 intervallis
1362 3590 1434 3638 quae
1453 3591 1498 3626 ex·

357 3662 473 3707 tremam
491 3661 561 3709 Joc:
581 3659 716 3709 lateribus
734 3655 1060 3722 intervallislextremam
1078 3659 1114 3722 H,
1132 3652 1268 3707 lateribus
1282 3659 1436 3709 intervallis
1454 3677 1498 3709 ex-

356 3742 491 3806 tremam!
509 3743 538 3794 G.
561 3739 573 3810 Η
596 3747 611 3792 2
631 3743 819 3792 circinationis
840 3743 860 3792 G
879 3741 943 3806 (d⁶):
972 3758 1055 3793 -ncs
1079 3744 1108 3792 H
1132 3741 1190 3805 (Llc
1213 3749 1315 3792 etanta
1338 3758 1406 3793 corr.
1426 3744 1463 3805 d).
1484 3742 1495 3810 Η
1585 3753 1590 3758 ’

356 3826 499 3877 duodecim
518 3829 546 3876 H
564 3826 647 3891 (Llc):
667 3827 728 3876 XII.
750 3828 778 3876 G.
802 3823 813 3892 ll
837 3827 1025 3892 3astrologia
1043 3828 1121 3879 Lora:
1146 3826 1280 3889 astrologi
1299 3825 1444 3892 (astralogi
1464 3829 1495 3892 G)

357 3910 415 3961 GH.
439 3907 451 3976 ll
476 3914 611 3978 bracena
633 3919 693 3961 ante
710 3927 763 3962 raa.
788 3910 890 3976 (scene)
912 3912 940 3962 G.
965 3907 977 3975 ΙΙ
1000 3927 1054 3974 qua
1075 3912 1145 3961 doc:
1171 3924 1240 3973 quae
1266 3908 1331 3975 (qua
1350 3911 1382 3972 G)
1402 3912 1461 3964 GH.
1482 3909 1494 3976 Η

355 3995 482 4060 precedit
508 3996 545 4047 cle.
572 3991 584 4060 ΙΙ
612 3997 627 4044 6
650 3995 763 4045 finiatur
786 3996 807 4044 G
830 3994 889 4059 (L):
917 3985 1046 4043 finiantur
1073 3996 1102 4043 H
1125 3992 1179 4057 (lc).
1201 3987 1215 4057 ss
1242 3994 1390 4059 9inscona
1414 3995 1436 4043 G
1457 3994 1496 4057 (in

354 4110 458 4145 scaena
476 4094 526 4160 L):
544 4097 574 4145 in
591 4112 679 4146 caena
698 4098 726 4145 H
744 4095 824 4160 (cena
843 4096 885 4154 elz,
905 4096 970 4144 cena
987 4099 1016 4158 1).
1039 4091 1053 4160 [l
1077 4097 1107 4145 10
1125 4085 1236 4162 icdibus
1260 4093 1303 4142 00,
1323 4089 1335 4158 Η
1365 4095 1397 4142 14
1415 4094 1494 4143 circi-

354 4197 478 4247 nationis
492 4195 582 4262 G(L):
602 4212 682 4246 —nes
695 4199 724 4245 H
741 4195 796 4261 (lc).
808 4192 820 4260 ΙΙ
834 4199 863 4246 17
884 4198 923 4246 ei:
941 4196 970 4245 hi
985 4197 1041 4245 GH.
1055 4191 1067 4261 ΙΙ
1080 4198 1110 4245 19
1124 4183 1250 4264 εοηῖεεξε
1264 4193 1307 4245 G0.
1322 4189 1334 4259 ll
1350 4197 1383 4245 20
1396 4193 1495 4245 dextra

354 4297 389 4330 ac
401 4281 515 4330 sinistra
527 4284 582 4331 ed:
601 4281 698 4330 dextra
711 4281 824 4330 sinistra
835 4280 885 4329 GH
898 4279 939 4342 (lc,
954 4279 1051 4329 dextra
1063 4279 1229 4342 sinistraque
1241 4278 1288 4339 L).
1304 4274 1315 4344 {l
1331 4279 1494 4345 arhospita-

352 4365 464 4415 lictum:
477 4367 515 4415 aio
526 4365 584 4415 GH.
596 4363 608 4432 ΙΙ
620 4368 652 4416 23
661 4368 859 4428 componantur
868 4361 969 4426 gradus
979 4379 1011 4413 ne
1023 4364 1111 4413 minus
1125 4400 1130 4412 .
1143 4405 1150 4416 .
1162 4401 1168 4414 .
1180 4363 1230 4412 GH
1240 4359 1383 4427 (repetitum
1392 4364 1494 4428 gradus

352 4451 403 4502 del.
422 4450 488 4507 Joc„
506 4452 554 4500 sed
569 4451 682 4511 sortasse
698 4451 771 4513 prius
787 4449 851 4497 illud
861 4463 896 4496 ecc
907 4447 1010 4496 wbrtea
1022 4455 1061 4496 est
1074 4446 1193 4512 „gradus
1206 4446 1464 4512 spectaculorum“).
1478 4445 1490 4513 ll

351 4534 455 4598 palmo,
474 4549 510 4583 ne
528 4533 589 4598 plus
606 4534 674 4598 pede
693 4533 769 4596 (rec,
793 4548 815 4581 e.
831 4547 856 4595 9.
876 4533 932 4582 cod.
951 4530 1066 4588 Arund„
1089 4531 1181 4595 palmo
1200 4531 1268 4596 pede
1286 4547 1321 4580 ne
1340 4531 1402 4596 plus
1419 4532 1490 4595 pede

350 4615 434 4679 ιΙεε.);
454 4616 546 4681 palmo
564 4617 633 4682 pede
652 4618 704 4666 GH
720 4615 814 4678 (Llch).
830 4612 842 4680 ΙΙ
858 4617 891 4665 24
908 4614 1005 4679 digitis
1022 4629 1071 4664 sex
1088 4617 1128 4664 ed.
1143 4611 1230 4678 (rech
1250 4615 1348 4680 digito⁸
1365 4631 1415 4666 sex
1432 4624 1492 4667 ante

352 4716 408 4753 ras.
429 4701 458 4760 G,
478 4701 565 4766 digito
584 4715 630 4750 sex
647 4701 676 4749 H
694 4699 809 4764 (thtc).
831 4695 843 4765 ll
866 4700 898 4749 25
917 4700 1002 4748 Tetru
1019 4707 1079 4749 ante
1096 4715 1165 4750 corr.
1187 4699 1217 4750 G.
