3784 5625
687 662 734 708 DE
757 661 1023 710 ARCHITECTURA
1047 664 1117 709 LlB.
1141 664 1192 710 111.
1470 649 1512 713 69

366 837 437 895 roe,
460 814 747 901 pseudodipteros‚
771 814 930 900 dipteros‚
948 815 1155 902 hypaethroe.
1193 815 1307 879 horum
1323 817 1510 902 exprimun-

333 926 420 980 2tnr
441 915 652 980 formationes
674 915 725 980 his
747 916 940 981 rationibus.
984 918 1019 980 in
1041 916 1127 980 antis
1150 917 1212 979 erit
1233 917 1336 998 aedis,
1359 940 1432 982 cum
1454 919 1509 982 ha-

367 1017 459 1082 bebit
480 1018 516 1081 in
537 1017 644 1081 fronte
665 1025 758 1081 antas
781 1019 941 1102 parietum
965 1019 1021 1104 qui
1043 1016 1157 1081 cellam
1180 1018 1454 1099 circumcludunt,
1479 1030 1510 1084 et

367 1120 454 1182 inter
486 1126 579 1181 antas
615 1118 649 1181 in
680 1118 789 1182 medio
818 1117 983 1183 columnas
1011 1118 1110 1198 duas,
1146 1140 1308 1205 supraque
1340 1119 1509 1205 fastigium

366 1220 558 1307 symmetria
573 1241 610 1283 ea
625 1218 827 1284 conlocatum
849 1242 932 1306 quae
954 1221 988 1283 in
1010 1221 1072 1285 hoc
1093 1218 1176 1284 libro
1198 1219 1298 1285 fuerit
1320 1222 1509 1308 perscripta.
1528 1236 1544 1284 5

366 1320 461 1385 huius
485 1330 594 1384 autem
616 1320 783 1406 exemplar
805 1321 867 1385 erit
888 1321 930 1385 ad
953 1331 1019 1386 tres
1042 1322 1204 1387 Fortunas
1234 1322 1404 1387 extribus
1428 1345 1510 1409 quae

332 1432 348 1479 3
367 1432 416 1487 est
437 1423 588 1508 proxime
609 1431 736 1509 portam
759 1422 929 1487 Collinam.
973 1423 1137 1509 prostylos
1155 1425 1263 1487 omnia
1278 1423 1378 1488 habet
1400 1446 1508 1511 quem·

365 1523 540 1588 admodum
562 1524 597 1587 in
619 1525 722 1606 antis,
751 1523 914 1588 columnas
943 1534 1051 1588 autem
1078 1532 1191 1589 contra
1217 1534 1310 1588 antas
1337 1525 1508 1610 angulares

366 1626 457 1707 duas,
482 1647 643 1712 supraque
658 1622 812 1713 epistylia
827 1614 1098 1712 quemadmodum
1114 1636 1146 1689 et
1161 1628 1195 1689 in
1216 1628 1314 1708 antis,
1338 1636 1370 1691 et
1392 1626 1509 1691 dextra

365 1749 404 1790 ac
419 1727 553 1791 sinistra
567 1727 602 1790 in
617 1727 762 1790 versuris
784 1726 920 1811 singula.
966 1727 1066 1791 huius
1085 1726 1252 1813 exemplar
1275 1737 1324 1792 est
1346 1729 1380 1791 in
1401 1712 1508 1792 insula
1528 1742 1559 1791 10

331 1836 348 1883 4
366 1828 521 1892 Tiberina
535 1828 570 1891 in
583 1827 664 1891 aede
679 1827 769 1891 Iovis
792 1837 824 1892 et
844 1827 960 1891 Fauni.
997 1827 1271 1915 amphiprostylos
1287 1830 1395 1893 omnia
1409 1828 1508 1893 habet

366 1951 508 2016 eaquae
530 1928 702 2014 prostylos‚
726 1939 957 2016 praetereaque
979 1929 1078 1993 habet
1100 1932 1134 1993 in
1156 1932 1281 2017 postico
1303 1930 1346 1994 ad
1369 1931 1508 1995 eundem

331 2032 496 2096 amodum
524 2030 687 2095 columnas
718 2039 750 2094 et
776 2030 956 2116 fastigium.
992 2034 1180 2119 peripteros
1202 2042 1311 2096 autem
1341 2033 1404 2097 erit
1426 2054 1508 2118 quae

365 2131 499 2197 habebit
514 2134 548 2196 in
562 2131 670 2197 fronte
685 2141 717 2195 et
731 2133 855 2218 postico
877 2155 972 2197 senas
994 2132 1175 2215 columnas,
1200 2134 1234 2196 in
1256 2132 1412 2198 lateribus
1435 2156 1506 2197 cum

363 2232 574 2319 angularibus
590 2233 747 2299 undenas.
775 2235 821 2298 ita
836 2245 944 2299 autem
967 2235 1033 2298 sint
1054 2234 1115 2297 hae
1131 2233 1299 2298 columnae
1322 2234 1507 2299 conlocatae
1526 2248 1557 2297 15

364 2345 400 2400 ut
427 2334 667 2399 intercolumnii
695 2334 877 2400 latitudinis
901 2334 1109 2399 intervallum
1138 2338 1180 2399 sit
1201 2357 1221 2397 a
1243 2334 1422 2420 parietibus
1445 2336 1506 2397 cir-

365 2460 445 2502 cum
466 2437 509 2500 ad
538 2445 700 2501 extremos
729 2434 858 2501 ordines
888 2435 1125 2517 columnarum,
1154 2435 1336 2525 habeatque
1363 2434 1506 2498 ambula-

363 2539 486 2603 tionem
520 2539 606 2601 oirca
642 2537 756 2601 cellam
789 2537 896 2621 aedis,
931 2536 1201 2624 quemadmodum
1235 2545 1285 2600 est
1318 2537 1353 2599 in
1380 2537 1507 2621 porticu

364 2640 490 2705 Metelli
517 2639 607 2704 Iovis
637 2638 774 2704 Statoris
802 2638 1000 2703 Hermodori
1029 2647 1061 2702 et
1081 2637 1172 2701 aedis
1194 2638 1343 2701 Mariana
1364 2636 1506 2701 Honoris

319 2752 345 2800 ’6
365 2751 397 2807 et
411 2742 553 2828 Virtutis
570 2742 639 2805 sinc
660 2741 786 2828 postico
801 2764 820 2804 a
834 2741 943 2805 Mucio
966 2740 1062 2803 facta.
1104 2738 1376 2827 pseudodipteros
1398 2749 1506 2802 autem
1524 2754 1558 2803 ‘20

364 2845 412 2908 sic
431 2843 618 2909 conlocatur
638 2852 675 2906 ut
696 2844 731 2906 in
752 2843 859 2908 fronte
882 2853 914 2907 et
935 2845 1060 2928 postico
1084 2844 1150 2906 sint
1172 2841 1339 2906 columnae
1361 2850 1505 2923 octonae,

363 2948 397 3010 in
426 2944 581 3010 lateribus
611 2967 684 3009 cum
705 2943 916 3029 angularibus
939 2945 1056 3031 quinae
1078 2943 1190 3008 denae.
1234 2944 1299 3007 sint
1315 2948 1428 3008 'autem
1450 2965 1504 3029 pa-

362 3049 461 3111 rietes
490 3044 590 3110 cellae
618 3055 728 3110 contra
756 3056 928 3131 quaternas
958 3045 1121 3111 columnas
1149 3044 1316 3108 medianas
1344 3046 1379 3108 in
1399 3044 1507 3107 fronte

364 3159 396 3213 et
423 3148 559 3236 postico.
604 3148 650 3210 ita
677 3147 813 3212 duorum
840 3146 1159 3212 intercolumniorum
1188 3153 1219 3208 et
1246 3148 1330 3210 imae
1352 3148 1504 3211 crassitu-

364 3250 451 3314 dinis
467 3249 635 3314 columnae
657 3250 798 3334 spatium
821 3250 882 3313 erit
902 3248 944 3313 ab
967 3247 1145 3336 parietibus
1169 3248 1255 3310 cirea
1276 3245 1318 3309 ad
1342 3255 1503 3309 extremos
1523 3260 1555 3308 ‘25

363 3351 494 3434 ordines
529 3351 759 3416 columnarum.
813 3348 908 3415 huius
937 3349 1104 3436 exemplar
1130 3349 1252 3413 Romae
1279 3369 1343 3412 non
1371 3355 1419 3410 est
1446 3346 1504 3410 sed

432 3594 445 3640 1
464 3591 567 3656 pseudo
581 3589 775 3654 d1(y(1')pteros
793 3590 921 3655 hypetros
941 3591 992 3642 GH
1009 3589 1142 3655 (dipteron
1159 3590 1220 3639 add.
1240 3589 1280 3638 ed.
1298 3588 1337 3636 It.
1352 3603 1405 3636 cam
1422 3588 1451 3636 ἠΰ
1468 3587 1522 3649 css

361 3692 390 3740 p.
411 3678 451 3735 70,
469 3675 507 3740 2).
531 3671 542 3740 ΙΙ
566 3677 581 3724 2
604 3680 663 3739 post
685 3674 838 3724 rationibus
860 3677 886 3724 in
904 3677 979 3727 codd.
999 3673 1063 3733 (GH
1080 3673 1141 3734 etc.)
1164 3690 1199 3723 err
1219 3673 1290 3734 infra
1311 3673 1402 3736 positis
1423 3687 1504 3734 prae·

363 3762 490 3824 ripiuntur
500 3759 578 3810 uerba
591 3776 608 3809 a
620 3759 736 3810 Jocundo
748 3761 857 3823 expulsa
865 3759 928 3808 Isaeo
939 3756 1029 3823 [quem
1042 3757 1186 3808 admodum
1200 3762 1228 3806 et
1238 3757 1267 3805 in
1280 3757 1354 3805 antis
1368 3760 1396 3804 et
1405 3754 1503 3804 dextra

363 3859 398 3895 ac
410 3845 525 3894 sinistra
533 3844 683 3894 inversuris
692 3843 803 3908 singula
813 3879 819 3892 .
829 3842 910 3892 huius
923 3841 1074 3908 exemplar]
1087 3843 1115 3891 in
1128 3842 1202 3891 antis
1215 3841 1268 3890 erit
1280 3875 1286 3888 .
1298 3879 1304 3890 .
1316 3877 1322 3891 .
1338 3837 1351 3906 ss
1368 3839 1452 3890 aedes
1463 3840 1503 3889 Iu'c

364 3928 423 3977 GH.
435 3924 447 3992 ΙΙ
459 3928 475 3978 5
488 3943 558 3992 qnae
568 3929 653 3978 Man:
668 3927 739 3990 quod
753 3927 811 3978 GH.
823 3923 835 3992 ΙΙ
849 3929 877 3976 11
888 3927 1022 3977 Tiberina
1034 3929 1088 3980 ed.:
1100 3926 1240 3976 tiberiana
1254 3925 1312 3974 GH.
1324 3921 1337 3989 {l
1350 3926 1381 3974 12
1394 3926 1502 3989 postico

363 4013 419 4062 ert:
437 4012 556 4076 posticio
576 4012 628 4061 GH
649 4011 707 4074 (sed
721 4028 745 4061 a.
765 4013 798 4060 14
819 4011 927 4076 postico
945 4011 1049 4074 omnes).
1073 4006 1085 4075 ΙΙ
1109 4011 1140 4059 15
1159 4014 1251 4059 antem
1264 4009 1348 4058 Man:
1373 4007 1473 4058 utGH.
1488 4004 1500 4069 ll

364 4115 396 4163 19
415 4113 527 4162 statoris
547 4111 659 4176 G(Ll⁶),
677 4112 803 4161 startoris
821 4118 880 4162 ante
897 4127 966 4161 corr.
985 4112 1021 4168 H,
1040 4098 1169 4160 star‘torrs
1187 4108 1242 4173 (etc,
1256 4111 1330 4174 quari
1342 4106 1499 4167 staratoris)

363 4198 405 4246 H0
423 4196 480 4262 (qui
499 4200 554 4246 atne
572 4196 646 4247 dudio
664 4195 740 4245 uoluat
763 4211 794 4244 ar
811 4197 894 4247 deleto
912 4197 1034 4257 statoris,
1053 4202 1080 4244 ut
1096 4201 1167 4245 recte
1185 4195 1311 4244 intellexit
1329 4193 1361 4255 L,
1380 4193 1428 4241 sed
1446 4195 1501 4240 sta-

363 4281 466 4331 tatoris
483 4281 514 4330 cll
536 4288 561 4331 et
583 4286 643 4330 ante
666 4293 734 4328 corr.
758 4277 787 4342 l).
816 4276 828 4345 ΙΙ
856 4280 1020 4330 Hermodori
1039 4278 1072 4343 (u.
1090 4281 1174 4329 Prisc.
1196 4278 1273 4327 VIII
1288 4293 1316 4341 p.
1337 4279 1398 4334 383,
1418 4280 1435 4325 5
1454 4276 1502 4337 H.)

366 4350 509 4415 Tametra:
528 4363 650 4414 hermodi
669 4363 727 4412 GH.
752 4357 763 4428 [Ι
787 4362 870 4413 aedes
887 4364 1015 4413 Mariana
1034 4365 1098 4413 ιον.
1118 4363 1163 4426 (cf.
1179 4361 1266 4426 praes.
1288 4361 1348 4409 VII
1363 4367 1389 4409 et
1401 4360 1503 4408 Becker

364 4450 435 4502 Rom.
455 4452 509 4500 Art.
527 4449 552 4512 I,
572 4448 698 4510 ros-7):
717 4447 878 4497 admariana
897 4448 956 4498 GH.
980 4444 993 4512 ΙΙ
1015 4450 1048 4498 20
1065 4448 1172 4511 portico
1191 4453 1249 4496 ante
1267 4460 1335 4495 corr.
1356 4444 1384 4493 G.
1409 4441 1420 4507 ΙΙ
1445 4459 1501 4491 mn-

364 4533 407 4582 cio
425 4533 462 4591 H,
480 4534 566 4583 mutio
586 4533 617 4582 G.
639 4527 652 4596 ΙΙ
674 4532 706 4580 22
724 4535 814 4581 autem
832 4532 865 4580 H
878 4527 915 4594 (et
932 4533 959 4581 in
975 4547 1056 4595 mnrp.
1076 4531 1133 4593 ⁶⁶)ss
1162 4538 1175 4574 κ
1196 4529 1243 4592 (erc
1259 4529 1390 4592 scriptura
1407 4526 1502 4589 Anyto-

362 4615 500 4681 saaom'ca)
520 4618 542 4668 H
560 4612 606 4679 (cf.
618 4615 689 4678 infra
699 4632 726 4680 p.
740 4617 809 4673 70,5
826 4614 896 4678 eta).
919 4610 932 4680 ΙΙ
955 4617 988 4664 24
1005 4615 1077 4663 imae
1095 4616 1149 4666 ert:
1167 4629 1240 4664 unae
1259 4612 1338 4677 (-nq
1356 4610 1388 4675 G)
1409 4611 1466 4663 GH.
1488 4607 1499 4674 (l

363 4703 398 4752 25
416 4703 451 4752 ab
468 4701 622 4768 parietibus
642 4700 671 4761 G,
689 4699 882 4766 apparietibus
899 4699 927 4751 H
946 4697 1128 4764 (aparietibuo
1148 4699 1215 4762 Llc).
