3784 5625
386 650 447 715 170
873 665 1028 711 vrrauvu

370 817 480 882 -vibus
504 839 585 903 quae
608 818 704 904 plano
726 816 810 905 pede
832 818 969 899 fuerint,
992 817 1028 879 in
1049 817 1113 880 imo
1136 816 1323 902 pavimento
1345 814 1412 881 alte
1434 819 1524 883 circi-

384 929 433 983 ter
454 919 593 1006 pedibus
615 920 719 983 tribus
742 942 800 1006 pro
822 918 982 983 harenato
993 927 1076 982 testa
1091 917 1290 982 trullissetur
1304 928 1338 983 et
1353 918 1523 1004 dirigatur,

384 1023 432 1104 uti
455 1042 511 1084 eae
533 1029 641 1107 partes
663 1022 871 1096 tectoriorum
892 1020 935 1085 ab
949 1042 1060 1085 umore
1075 1042 1116 1083 ne
1131 1020 1300 1084 vitientur.
1345 1023 1398 1085 sin
1419 1031 1524 1086 autem
1597 1084 1600 1090 .

382 1121 482 1208 aliqui
509 1122 617 1209 paries
645 1131 818 1207 perpetuos
847 1121 999 1185 habuerit
1029 1143 1175 1203 umores,
1209 1120 1377 1207 paululum
1410 1122 1454 1186 ab
1489 1146 1524 1188 eo

349 1223 552 1297 srecedatur
580 1233 612 1287 et
645 1233 789 1288 struatur
826 1223 908 1288 alter
943 1224 1050 1287 tenuis
1079 1223 1204 1286 distans
1231 1223 1274 1287 ab
1303 1245 1341 1286 eo
1370 1233 1523 1309 quantum

382 1347 434 1389 res
457 1326 615 1412 patietur,
645 1336 677 1389 et
704 1325 790 1389 inter
812 1325 894 1389 duos
922 1326 1064 1412 parietes
1086 1323 1208 1388 canalis
1231 1324 1369 1389 dueatur
1391 1325 1524 1391 inferior

383 1448 479 1513 quam
502 1425 732 1491 libramentum
755 1426 920 1491 conclavis
942 1425 1042 1491 fuerit
1049 1476 1058 1509 ,
1087 1426 1211 1491 habens
1232 1447 1327 1491 nares
1349 1426 1393 1490 ad
1421 1426 1524 1491 locum

383 1536 557 1614 patentem.
596 1529 674 1591 item
695 1550 769 1615 curn
790 1530 826 1593 in
840 1527 1047 1593 altitudinem
1068 1536 1272 1614 perstructus
1294 1528 1405 1612 fuerit,
1429 1527 1523 1593 relin-

306 1697 318 1705 ,
384 1637 525 1715 quantur
547 1630 754 1715 spiramenta.
799 1631 827 1693 si
850 1630 936 1693 enim
959 1652 1024 1694 non
1046 1651 1103 1715 per
1125 1651 1219 1693 nares
1235 1651 1328 1694 umor
1349 1638 1383 1693 et
1404 1631 1440 1693 in
1462 1630 1523 1695 imo

333 1740 416 1794 loct
438 1731 474 1792 in
496 1753 620 1794 summo
647 1731 798 1795 habuerit
821 1732 944 1813 exitus,
975 1753 1041 1795 non
1062 1731 1169 1807 minus
1197 1732 1232 1794 in
1253 1752 1340 1796 nova
1362 1741 1524 1796 structura

384 1853 419 1896 se
441 1831 626 1918 dissipabit.
670 1832 721 1897 his
751 1832 904 1919 perfectis
932 1834 1040 1919 paries
1063 1841 1148 1896 testa
1170 1831 1370 1897 trullissetur
1392 1842 1425 1897 et
1447 1833 1522 1897 diri-

383 1941 479 2018 gatur
495 1943 527 1998 et
548 1943 626 1997 tunc
647 1935 783 1999 tectorio
805 1934 956 2021 poliatur.
994 1935 1045 1999 sin
1059 1943 1168 1998 autem
1190 1932 1280 1999 locus
1294 1956 1361 1999 non
1382 1936 1550 2021 patieturs

384 2043 578 2099 structuram
600 2035 685 2118 lieri,
710 2034 841 2099 canales
861 2036 942 2100 fiant
965 2044 996 2099 et
1017 2056 1111 2099 nares
1135 2044 1253 2099 exeant
1274 2035 1319 2097 ad
1338 2035 1448 2099 locum
1469 2058 1521 2122 pa·

384 2144 514 2200 tentem.
559 2135 679 2200 deinde
706 2136 836 2222 tegulae
863 2135 1031 2223 bipedales
1054 2158 1096 2200 ex
1117 2159 1190 2200 una·
1207 2146 1300 2224 parte
1321 2146 1421 2224 supra
1441 2160 1521 2201 mar-

333 2250 365 2297 15
382 2237 492 2322 ginem
514 2237 636 2303 canalis
664 2240 878 2326 inponantur,
908 2260 950 2301 ex
971 2238 1074 2303 altera
1100 2248 1192 2325 parte
1219 2237 1403 2303 bessalibus
1431 2239 1521 2304 later-

384 2338 466 2404 culis
489 2339 576 2426 pilae
592 2340 832 2423 substruentur,
855 2342 890 2404 in
913 2339 1032 2425 quibus
1055 2341 1194 2404 duarum
1214 2338 1398 2424 tegularum
1413 2339 1523 2425 anguli

383 2440 495 2504 sedere
517 2442 659 2530 possint,
684 2451 715 2505 et
730 2442 776 2506 ita
790 2464 810 2504 a
831 2442 955 2529 pariete
970 2454 1027 2505 ea'e
1042 2442 1166 2507 distent
1186 2452 1222 2505 ut
1236 2462 1279 2504 ne
1293 2439 1367 2527 plus
1389 2451 1521 2527 pateant

381 2541 534 2628 palmum.
580 2544 697 2607 deinde
720 2544 853 2629 insuper
875 2552 1001 2615 erectae
1022 2553 1215 2607 mammatae
1242 2542 1374 2628 tegulae
1394 2543 1438 2607 ab
1460 2546 1520 2607 imo

381 2646 423 2709 ad
446 2666 604 2708 summurn
626 2645 667 2709 ad
694 2646 852 2732 parietem
874 2644 1031 2729 figantur,
1062 2667 1198 2731 quarum
1219 2645 1392 2709 interiores
1414 2653 1520 2731 partes

331 2738 541 2809 securiosius
563 2747 712 2832 picentur
732 2755 769 2811 ut
790 2746 832 2809 ab
856 2768 890 2810 se
911 2756 1067 2834 respuant
1089 2746 1256 2833 liquorem.
1300 2747 1380 2810 item
1402 2747 1438 2809 in
1459 2748 1519 2809 imo

383 2856 414 2910 et
436 2848 471 2909 in
494 2871 732 2935 summosupra
747 2871 907 2912 cameram
928 2848 1070 2913 habeant
1085 2850 1292 2936 spiramenta.
1329 2856 1400 2912 tum
1414 2858 1519 2913 autern
1534 2859 1547 2906 3

382 2947 470 3011 calce
493 2970 535 3012 ex
556 2971 640 3036 aqua
667 2949 793 3035 liquida
815 2948 1022 3032 dealbentur,
1051 2952 1100 3014 uti
1127 2949 1397 3014 trullissationem
1425 2959 1518 3032 testa-

383 3072 472 3114 ceam
502 3073 567 3114 non
593 3060 758 3139 respuant.
783 3078 787 3085 ·
809 3073 947 3138 namque
976 3061 1108 3139 propter
1135 3053 1338 3115 ieiunitatem
1367 3060 1519 3138 quaeest

381 3175 401 3215 a
433 3145 622 3219 fornacibus
652 3162 788 3217 excocta
814 3175 879 3217 non
913 3162 1050 3239 possunt
1084 3155 1229 3240 recipere
1261 3174 1322 3216 nec
1349 3154 1517 3234 sustinere,

331 3260 364 3309 25
381 3255 446 3319 nisi
468 3253 542 3318 calx
565 3255 711 3321 subiecta
732 3263 887 3341 utrasque
908 3277 961 3318 res
983 3257 1068 3318 inter
1090 3277 1125 3319 se
1147 3254 1350 3340 conglutinet
1373 3252 1405 3319 e't
1427 3262 1518 3341 cogat

382 3357 477 3419 coire.
522 3356 756 3422 trullissatione
777 3355 912 3421 inducta
933 3379 992 3443 pro
1015 3355 1170 3422 harenato
1191 3364 1277 3422 testa
1292 3356 1466 3442 dirigatur,
1488 3364 1518 3419 et

382 3562 608 3570 .——.-.—.

450 3699 462 3745 1
483 3697 587 3746 fuerint
604 3697 702 3746 inimo:
728 3700 765 3747 sic
785 3698 835 3747 GH
858 3696 903 3762 (ab
923 3698 977 3747 imo
999 3695 1078 3758 doc).
1101 3693 1113 3762 ΙΙ
1135 3699 1150 3746 2
1173 3696 1383 3747 trulisseturH
1404 3696 1441 3760 (et
1462 3705 1517 3747 ante

381 3797 449 3832 corr.
469 3779 503 3845 c).
527 3776 539 3844 ΙΙ
563 3785 647 3833 {lese
667 3783 695 3830 H
714 3780 750 3845 (et
768 3790 827 3832 unte
844 3798 912 3836 corr.
932 3782 980 3845 L):
999 3782 1052 3831 hac
1073 3782 1094 3830 G
1112 3783 1152 3844 (Ic,
1172 3778 1358 3832 *eae=heae
1377 3781 1447 3845 (ιο).
1470 3778 1482 3848 ΙΙ
1502 3783 1518 3830 4

382 3865 469 3929 aliqui
484 3861 489 3930 Ι
505 3867 532 3914 H
551 3866 651 3933 (aliqui
668 3866 716 3930 L):
736 3868 837 3933 aliquis
857 3868 878 3918 G
896 3865 953 3931 (lc).
975 3863 988 3932 ΙΙ
1011 3864 1165 3932 paululum:
1182 3869 1221 3916 stc
1240 3861 1326 3931 (1¹11.ss
1342 3868 1357 3916 7
1377 3865 1518 3917 conclavis

380 3952 410 4000 H
427 3947 513 4017 (Lle):
533 3950 660 4004 conclavi
679 3952 708 4004 G.
727 3947 772 4019 {18
789 3955 959 4017 perstructus
977 3953 1018 4001 ed.
1037 3949 1126 4014 (rec.):
1144 3951 1308 4016 perstrictus
1328 3951 1387 4000 GH.
1404 3947 1449 4017 119
1465 3951 1518 4016 spi-

379 4036 507 4086 ramentis
525 4043 585 4087 ante
603 4053 671 4088 corr.
692 4037 721 4090 G.
744 4033 757 4102 ΙΙ
781 4039 811 4086 11
831 4035 973 4100 derigatur
992 4035 1046 4086 GH
1061 4031 1209 4101 (dirigatur
1226 4033 1295 4098 stc).
1329 4037 1378 4085 sed
1398 4035 1471 4098 infra
1487 4037 1518 4084 2⁶

380 4119 517 4185 dirigatur
536 4120 595 4174 GH.
619 4117 631 4187 ΙΙ
655 4124 687 4172 13
705 4126 805 4172 exeant
824 4121 858 4172 G:
877 4124 979 4171 exeunt
996 4120 1025 4170 H
1043 4117 1121 4184 (Llc).
1143 4116 1155 4186 ΙΙ
1176 4121 1207 4170 15
1224 4117 1370 4168 laterculis
1388 4120 1450 4170 add.
1462 4120 1517 4169 Joc.

380 4220 415 4253 ex
436 4206 467 4262 V,
486 4207 526 4267 10,
546 4208 563 4255 2
582 4202 735 4268 (besalibus
753 4205 828 4271 pilae
848 4203 919 4270 GH).
941 4202 953 4271 ΙΙ
977 4206 1009 4255 16
1027 4204 1138 4270 angulis
1157 4205 1192 4255 (1¹⁶
1209 4188 1308 4267 (sotiis).
1329 4199 1341 4268 ΙΙ
1365 4205 1397 4252 1‘1
1420 4206 1518 4268 apaete

379 4295 438 4338 unte
456 4303 525 4341 corr.
545 4289 574 4341 G.
597 4284 609 4355 ΙΙ
633 4305 683 4340 eae
703 4291 754 4343 GH
776 4289 840 4352 (hae
861 4288 929 4354 Llc).
954 4285 966 4354 {l
988 4288 1093 4340 distent
1117 4290 1151 4338 H:
1175 4288 1281 4348 distant
1303 4288 1330 4335 H
1350 4286 1429 4351 (Llc).
1453 4283 1465 4352 ΙΙ
1489 4288 1518 4336 ts

381 4377 544 4424 mammatae
561 4372 640 4424 Salen.
659 4372 684 4437 (e
695 4374 763 4425 Ptin.
778 4377 820 4432 35,
834 4372 907 4437 159);
926 4378 1046 4439 ammata
1061 4374 1091 4437 G,
1110 4375 1221 4422 amatae
1240 4373 1270 4421 H
1281 4369 1361 4434 (hle).
1385 4367 1399 4438 ΙΙ
1423 4374 1454 4421 19
1473 4370 1518 4419 ad-

291 4454 297 4464 '
380 4471 510 4507 summum
528 4458 712 4523 adparietem:
730 4461 768 4508 stc
786 4459 843 4510 GH.
860 4454 872 4524 {l
888 4459 921 4510 20
938 4459 968 4508 in
980 4459 1033 4509 imo
1052 4462 1080 4509 et
1092 4458 1121 4506 in
1133 4472 1250 4519 summo:
1267 4457 1305 4506 sic
1318 4456 1377 4508 GH.
1395 4452 1408 4522 ΙΙ
1423 4458 1456 4506 21
1475 4471 1517 4505 cs·

379 4557 478 4592 meram
492 4544 513 4594 (ι’
527 4541 593 4606 (ele):
612 4558 750 4593 camaram
768 4544 799 4592 H
815 4540 880 4607 (LI).
903 4539 916 4608 ΙΙ
937 4543 1108 4609 spiramenta
1124 4543 1193 4597 Joc:
1213 4545 1366 4592 stramenta
1385 4541 1444 4595 GH.
1459 4537 1472 4607 ss
1487 4541 1518 4590 22

380 4631 531 4676 testaceam
543 4628 579 4677 L:
593 4629 681 4678 tested
690 4627 718 4685 G,
730 4622 923 4692 testae(—tel)
937 4630 994 4677 tam
1003 4627 1034 4676 H
1046 4623 1101 4690 (lc).
1115 4622 1129 4692 ΙΙ
1144 4627 1178 4676 25
1191 4625 1250 4676 cels
1259 4641 1273 4675 a
1282 4632 1309 4675 et
1320 4633 1380 4676 ante
1392 4641 1462 4677 corr.
1475 4628 1490 4676 l.
1505 4619 1517 4688 Η

275 4700 279 4706 ’
380 4715 463 4772 cogat
481 4710 555 4760 coire
576 4710 609 4762 6:
629 4711 733 4776 cogitat
751 4712 846 4781 quoire
864 4711 894 4760 H
911 4709 980 4774 (Lis,
998 4712 1048 4762 nisi
1064 4713 1132 4775 quod
1149 4716 1231 4775 cogat
1249 4711 1300 4769 cet,
1319 4709 1395 4761 coire
1413 4707 1464 4774 tv).
