3784 5625
678 660 724 706 1111
747 660 1014 709 11111111111111111
1036 661 1105 708 ure.
1127 662 1189 708 vu.
1442 650 1502 713 173

361 812 460 875 rebus
484 810 632 897 exempla
654 814 875 894 sumebantur,
898 834 984 876 nunc
1011 814 1132 899 iniquis
1154 813 1298 877 moribus
1328 815 1502 900 inproban-

360 924 425 978 tur.
470 936 545 976 nam
567 914 745 999 pinguntur
767 916 911 978 tectoriis
934 924 1078 978 monstra
1099 915 1317 999 potiusquam
1341 936 1383 978 ex
1404 915 1501 979 rebus

360 1014 463 1077 finitis
486 1014 645 1098 imagines
667 1024 783 1078 certae.
820 1039 878 1102 pro
894 1014 1051 1079 columnis
1067 1017 1153 1077 enim
1175 1023 1361 1080 statuuntur
1375 1017 1500 1099 calami,

360 1138 420 1201 pro
443 1115 589 1199 fastigiis
605 1116 834 1200 appagineculi
854 1117 962 1180 striati
984 1139 1055 1179 cum
1072 1117 1188 1202 crispis
1212 1116 1298 1181 foliis
1315 1127 1346 1181 et
1368 1117 1500 1199 volutis,

360 1218 440 1279 item
463 1214 661 1279 candelabra
682 1215 903 1280 aedicularum
919 1217 1114 1280 sustinentia
1135 1217 1266 1302 figuras,
1291 1241 1388 1305 supra
1409 1218 1500 1282 fasti·
1520 1234 1535 1280 5

360 1318 416 1401 gia
438 1338 548 1380 earum
572 1325 741 1401 surgentes
765 1340 806 1381 ex
827 1316 993 1384 radicibus
1016 1339 1089 1381 cum
1104 1317 1223 1382 volutis
1246 1317 1376 1382 coliculi
1398 1320 1501 1382 teneri

360 1418 471 1504 plures
494 1418 651 1482 habentes
673 1418 708 1480 in
723 1414 758 1481 se
780 1419 851 1482 sine
865 1420 992 1482 ratione
1007 1417 1154 1482 sedentia
1169 1418 1292 1503 sigilla,
1315 1442 1380 1483 non
1394 1423 1501 1505 minus

362 1517 493 1583 coliculi
520 1517 691 1582 dimidiata
720 1518 876 1582 habentes
899 1517 1008 1603 sigilla
1029 1517 1094 1583 alia
1121 1519 1271 1583 humanis
1294 1519 1358 1582 alia
1380 1520 1500 1583 bestia-

326 1633 432 1683 4rum
463 1619 636 1707 capitibus.
685 1619 766 1684 haec
787 1630 894 1683 autem
917 1642 977 1683 nec
1001 1629 1076 1683 sunt
1102 1642 1163 1683 nec
1189 1620 1259 1683 fieri
1286 1630 1422 1706 possunt
1442 1642 1502 1683 nec

360 1721 504 1784 fuerunt.
555 1742 631 1806 ergo
659 1721 705 1783 ita
733 1722 811 1785 novi
837 1743 942 1785 mores
975 1706 1150 1806 coegerunt
1182 1724 1232 1784 uti
1263 1722 1399 1785 inertiae
1426 1720 1502 1784 mali
1523 1740 1553 1787 10

361 1822 487 1886 iudices
516 1823 747 1886 convincerent
780 1822 899 1885 artium
921 1823 1070 1886 virtutes.
1119 1822 1390 1908 quemadmodum
1417 1824 1503 1884 enim
1535 1812 1539 1819 ’

361 1931 469 2009 potest
491 1921 633 1987 calamus
657 1945 734 1985 vere
756 1924 916 1987 sustinere
938 1932 1061 1987 tectum
1079 1933 1135 1986 aut
1157 1916 1388 1986 candelabrum
1410 1945 1502 1986 orna-

362 2032 473 2087 menta
500 2022 627 2108 fastigii
654 2046 713 2087 seu
739 2022 893 2088 coliculus
922 2036 990 2087 tam
1019 2024 1126 2088 tenuis
1150 2033 1182 2087 et
1209 2024 1316 2089 mollis
1343 2025 1503 2089 sustinere

363 2125 481 2189 sedens
505 2124 650 2208 sigillum
672 2134 729 2189 aut
751 2124 792 2187 de
814 2116 980 2189 radicibus
1004 2136 1036 2190 et
1063 2124 1208 2190 coliculis
1232 2148 1273 2188 ex
1295 2136 1386 2211 parte
1407 2126 1502 2190 flores

362 2225 598 2311 dimidiataque
621 2223 729 2310 sigilla
751 2226 936 2312 procreari?
967 2237 1001 2291 at
1023 2227 1102 2290 haec
1124 2225 1206 2289 falsa
1228 2226 1377 2291 videntes
1399 2227 1553 2291 homi-15

361 2348 418 2391 nes
440 2349 511 2391 non·
528 2326 770 2412 reprehendunt
792 2327 849 2391 sed
872 2326 1089 2410 delectantur,
1111 2349 1217 2412 neque
1236 2328 1503 2391 animadvertunt

362 2430 390 2492 si
419 2429 499 2514 quid
527 2449 638 2492 eorum
666 2427 744 2492 fieri
765 2437 872 2514 potest
899 2450 960 2491 nec
980 2450 1032 2491 ne.
1077 2428 1207 2492 iudiciis
1229 2437 1351 2497 autem,
1365 2427 1501 2491 infirmis

361 2528 555 2593 obscuratae
576 2538 700 2593 mentes
723 2552 789 2595 non
806 2528 921 2592 valent·
938 2528 1076 2614 probare
1099 2528 1185 2614 quod
1206 2537 1315 2615 potest
1336 2550 1407 2591 esse
1429 2551 1500 2591 cum

361 2630 556 2695 auctoritate
579 2640 611 2693 et
631 2632 757 2695 ratione
779 2631 916 2695 decoris.
960 2651 1066 2715 neque
1088 2632 1174 2692 enim
1202 2631 1349 2715 picturae
1370 2630 1502 2716 probari

362 2731 484 2796 debent
507 2753 590 2819 quae
611 2754 677 2796 non
691 2741 767 2796 sunt
789 2731 911 2796 similes
926 2733 1071 2814 veritati,
1093 2753 1153 2794 nec
1169 2732 1198 2795 si
1219 2731 1326 2794 factae
1341 2740 1416 2795 sunt
1438 2729 1500 2793 cle·
1519 2748 1552 2795 ‘20

361 2843 478 2919 gantes
500 2834 543 2898 ab
565 2843 645 2916 arte,
669 2835 743 2899 ideo
767 2835 807 2897 de
829 2833 880 2897 his
903 2834 1013 2898 statim
1030 2833 1128 2896 debet
1150 2843 1238 2896 recta
1259 2833 1414 2915 iudicari,
1437 2833 1502 2910 nisi

361 2935 652 3021 argumentationis
675 2944 779 2999 certas
806 2937 949 3000 rationes
976 2935 1150 2999 habuerint
1178 2936 1247 2998 siue
1269 2933 1501 2998 offensionibus
1572 2968 1575 2973 ·

330 3034 555 3122 texplicatas.
607 3038 727 3100 etenim
755 3038 852 3100 etiarn
874 3035 1038 3100 Trallibus
1061 3058 1134 3099 cum
1156 3036 1335 3121 Apaturius
1358 3032 1501 3097 Alaban·

363 3138 443 3201 deus
466 3136 609 3222 eleganti
634 3160 732 3201 manu
760 3126 909 3201 finirisset
931 3159 1081 3201 scaenam
1102 3139 1136 3200 in
1158 3134 1338 3200 minusculo
1365 3136 1501 3218 theatro,

363 3237 450 3325 quod
473 3241 772 3323 εκκλησιαστηριον
794 3239 883 3326 apud
905 3261 959 3303 eos
983 3239 1158 3319 vocitatur,
1187 3240 1222 3301 in
1244 3258 1346 3322 eaque
1367 3236 1501 3300 fecisset
1519 3254 1552 3302 25

362 3338 528 3404 columnas
562 3340 656 3424 signa
688 3339 868 3405 Centauros
906 3342 1102 3404 sustinentes
1136 3337 1306 3425 epistylia,
1340 3337 1502 3402 tholorum

430 3513 528 3561 2111111
545 3511 696 3576 pinguntur
715 3511 748 3561 G:
772 3528 819 3567 om.
843 3513 877 3561 H·
895 3509 974 3575 (Llc).
999 3508 1011 3578 Η
1038 3513 1055 3560 4
1077 3511 1275 3576 appagineculi
1296 3510 1452 3560 atriaticum
1474 3513 1503 3561 H

363 3593 418 3659 (θ’,
436 3595 581 3646 straticum
593 3597 625 3654 L,
645 3592 982 3661 apagilneculistraticum
995 3599 1011 3654 I,
1030 3595 1170 3660 appagine
1189 3596 1262 3645 oculi
1280 3595 1432 3645 atriaticum
1451 3596 1502 3657 et),

351 3680 503 3746 appegine
521 3675 653 3742 colliculi
671 3681 785 3733 tristiori
798 3688 856 3730 ante
869 3696 938 3730 corr.
954 3681 982 3729 G.
1000 3676 1011 3745 Η
1027 3679 1145 3730 volutis.
1158 3681 1237 3730 item:
1256 3682 1293 3730 sic
1307 3680 1364 3730 GH.
1380 3676 1392 3744 Η
1408 3682 1502 3730 51111-

363 3763 479 3815 delebra
490 3763 518 3814 G.
536 3759 548 3830 Η
564 3765 684 3813 tearum
694 3765 766 3816 loa:
781 3779 871 3814 eorum
887 3764 945 3816 GH.
960 3760 972 3830 Η
989 3764 1107 3814 voluteie
1122 3764 1174 3813 GH
1182 3761 1261 3827 (Llc).
1280 3765 1313 3828 es.
1325 3781 1351 3827 p.
1366 3767 1423 3823 102,
1436 3767 1475 3813 16.
1488 3764 1499 3829 Η

362 3846 475 3898 coliculi
486 3849 546 3898 add.
564 3848 622 3901 Joc.
636 3847 765 3910 (veluteis
778 3849 867 3899 teneri
880 3848 973 3913 plures
987 3848 1061 3913 GH).
1079 3845 1091 3913 Η
1107 3845 1238 3912 ἵεὶςίΙΙα]
1257 3875 1285 3882 -
1300 3847 1337 3911 (8)
1348 3849 1444 3912 sigilla
1455 3864 1500 3898 om.

361 3933 386 3981 lc
395 3927 471 3996 (simet
482 3930 629 3996 habentes]
647 3932 820 3984 -habentes
832 3948 879 3983 oni.
893 3933 924 3990 L,
937 3934 986 3982 sed
996 3934 1033 3981 L⁶
1044 3934 1126 3996 suppl.
1140 3933 1165 3981 in
1181 3932 1282 3996 marg).
1301 3927 1313 3998 Η
1328 3934 1344 3981 8
1357 3913 1500 3981 diinidiata

363 4015 421 4068 Joe.
441 4015 479 4081 (ut
489 4015 584 4080 v.15):
603 4017 660 4066 -ti
674 4017 733 4070 GH.
749 4013 761 4083 Η
778 4020 809 4068 10
827 4018 948 4067 inertiae
966 4017 1032 4066 mali
1050 4017 1154 4065 iudices
1167 4017 1375 4066 convincerent:
1393 4018 1431 4065 sic
1450 4016 1500 4064 GH

365 4099 426 4164 (vert
442 4101 511 4166 quod
527 4100 629 4152 inertia
649 4101 732 4152 emeli
749 4109 808 4151 ante
826 4119 894 4155 corr.
915 4102 949 4159 G,
972 4102 1070 4151 inertie
1088 4098 1155 4149 mali
1174 4103 1220 4158 60,
1238 4101 1296 4149 item
1312 4100 1446 4150 invertice
1465 4116 1498 4149 m.

364 4191 424 4237 ante
440 4200 511 4236 corr.
529 4185 567 4245 L,·
580 4184 700 4236 inertiae
718 4201 753 4238 111.
771 4186 816 4244 Μ,
834 4185 935 4235 inertia
953 4201 986 4235 m.
1005 4187 1042 4244 111,
1061 4184 1184 4234 inhercie
1203 4200 1236 4233 m.
1254 4183 1283 4247 l).
1307 4181 1319 4248 Η
1343 4186 1374 4233 13
1398 4183 1498 4234 colicu-

362 4269 406 4320 lus
430 4269 465 4320 Gr
493 4267 630 4320 caliculus
652 4270 684 4318 H
704 4267 788 4332 (Lac,
813 4269 945 4319 culicibus
968 4277 1027 4320 ante
1049 4285 1117 4320 corr.
1137 4267 1180 4332 L).
1205 4264 1217 4335 Η
1239 4271 1270 4316 14
1293 4267 1419 4317 culiculis
1440 4275 1500 4317 ante

363 4368 431 4407 corr.
448 4354 488 4408 Η.
510 4349 524 4419 Η
547 4353 580 4403 15
598 4352 704 4405 adhaec
722 4350 827 4419 (Adhec
847 4353 879 4418 6)
900 4354 958 4404 GH.
982 4351 993 4419 Η
1021 4355 1052 4402 21
1071 4356 1147 4402 recta
1165 4368 1225 4417 epo:
1248 4355 1323 4402 recte
1347 4351 1437 4415 (-tae
1456 4353 1499 4415 H)

365 4435 423 4491 GH.
445 4433 460 4504 Η
481 4435 612 4489 iudicari:
634 4441 673 4488 etc
692 4438 750 4493 GH.
772 4434 785 4504 Η
807 4441 839 4487 22
863 4437 1111 4503 argumentationis
1130 4438 1164 4486 6:
1187 4451 1270 4486 -nes
1292 4437 1321 4485 H
1339 4434 1417 4500 (Lu).
1440 4432 1453 4502 Η
1477 4454 1507 4504 c..
1533 4490 1538 4498 s

363 4522 489 4573 rationes
504 4520 668 4573 habuerint:
695 4525 733 4573 ric
757 4523 815 4579 GH.
838 4519 850 4588 Η
873 4525 906 4573 23
924 4521 1101 4572 Alabandeus
1122 4522 1192 4571 Joc:
1222 4520 1384 4570 alabandina
1409 4522 1465 4571 GII.
1487 4519 1499 4587 Η

362 4607 396 4657 25
413 4596 669 4673 ἐκκλησιαστήριον
686 4607 755 4657 Joc:
775 4606 851 4672 egles
869 4607 954 4656 interi
973 4607 1001 4665 G,
1021 4607 1214 4671 eglesiuterion
1232 4607 1261 4655 H
1278 4603 1356 4670 (Hc).
1373 4600 1385 4671 Η
1404 4607 1437 4656 26
1457 4621 1502 4656 co-

362 4687 469 4742 lumnas
485 4691 504 4745 i.
517 4706 541 4744 e.
559 4705 608 4758 pro
622 4690 754 4744 columnis
772 4690 828 4743 Joc.
845 4687 856 4758 Η
872 4690 1008 4742 tholorum
1021 4692 1090 4744 Joc:
1109 4690 1294 4758 pholurr'rante
1311 4706 1379 4744 corr.
1394 4690 1422 4750 G,
1434 4691 1502 4758 pho-
