3784 5625
380 642 422 705 70
870 652 1029 702 VITRUVII

378 809 568 893 Magnesiae
589 806 679 870 aedis
701 806 828 869 Dianae
850 803 1080 888 Hermogenis,
1104 803 1286 868 Alabandis
1310 804 1408 867 etiam
1425 805 1524 891 Apol-

379 910 453 974 linis
476 932 496 973 a
517 905 685 972 Menesthe
707 907 804 971 facta.
849 905 994 993 dipteros
1016 915 1126 970 autem
1147 904 1326 991 octastylos
1349 915 1381 969 et
1402 921 1557 992 pronaot

379 1022 411 1075 et
425 1011 568 1097 postico,
591 1008 650 1072 sed
673 1008 759 1071 circa
780 1007 896 1070 aedem
917 1005 1063 1093 duplices
1085 1007 1184 1071 habet
1206 1006 1338 1071 ordines
1361 1006 1524 1071 columna·

378 1134 466 1193 rum,
492 1111 542 1175 uti
576 1119 626 1173 est
658 1109 749 1173 aedis
773 1107 907 1188 Quirini
935 1107 1046 1172 dorica
1068 1117 1100 1172 et
1122 1108 1248 1194 Ephesi
1269 1108 1398 1172 Dianae
1420 1110 1526 1172 ionica

345 1211 652 1298 oaChersiphrone
674 1203 860 1274 constituta.
894 1209 1093 1298 hypaethroe
1116 1230 1195 1274 vero
1217 1208 1403 1296 decastylos
1427 1212 1559 1275 astina

378 1335 499 1401 pronao
516 1321 548 1376 et
560 1312 699 1398 postico.
737 1309 861 1395 reliqua
876 1311 984 1374 omnia
1006 1310 1120 1374 eadem
1142 1310 1241 1407 habet
1264 1332 1347 1396 quae
1369 1311 1525 1399 dipteros,

349 1410 353 1416 ’
379 1413 437 1479 sed
464 1414 620 1478 interiore
638 1420 734 1498 parte
757 1411 922 1495 columnas
945 1412 980 1474 in
1001 1411 1176 1476 altitudine
1197 1411 1363 1497 duplices,
1386 1422 1526 1477 remotas

379 1539 399 1579 a
413 1513 592 1602 parietibus
607 1512 650 1576 ad
666 1513 925 1577 circumitionem
946 1523 984 1577 ut
1005 1515 1151 1599 porticus
1173 1512 1430 1601 peristyliorum.
1460 1537 1525 1579 me-

380 1615 471 1679 dium
503 1624 612 1679 autem
644 1614 705 1678 sub
739 1613 796 1678 diu
825 1623 874 1678 est
901 1615 973 1679 sine
1001 1623 1097 1679 tecto.
1147 1613 1256 1679 aditus
1284 1615 1456 1680 valvarum
1486 1638 1527 1679 ex

331 1732 362 1779 10
379 1726 518 1802 utraque
549 1715 706 1802 partein
732 1737 854 1801 pronao
883 1724 914 1779 et
941 1716 1078 1801 postico.
1128 1717 1224 1780 huius
1252 1718 1331 1781 item
1360 1716 1528 1803 exemplar

380 1820 503 1882 Romae
517 1840 583 1881 non
602 1825 661 1898 est,
685 1817 743 1879 sed
757 1815 897 1881 Athenis
913 1815 1097 1905 octastylon
1119 1816 1241 1903 templo
1257 1816 1422 1906 Olympio.

345 1932 372 1979 ΙΙ
466 1918 598 2005 Species
625 1928 734 1982 autem
760 1917 891 1982 aedium
925 1927 1000 1982 sunt
1027 1920 1186 2004 quinque,
1222 1941 1359 2005 quarum
1386 1942 1425 1983 ea
1452 1930 1527 1986 sunt
1544 1928 1604 1997 (ΙΙΙ)

381 2019 550 2103 vocabula,
573 2019 785 2108 pycnostylos
801 2018 836 2083 id
851 2028 901 2083 est
916 2019 1040 2106 crebris
1063 2018 1238 2103 columnis,
1262 2020 1407 2108 systylos
1430 2022 1527 2108 paulo

381 2120 623 2186 remissioribus
657 2120 979 2186 intercolumniorum
1018 2121 1151 2206 spatiis,
1189 2120 1348 2208 diastylos
1386 2124 1527 2210 amplius

332 2237 363 2285 15
382 2224 581 2310 patentibus,
604 2221 708 2284 rarius
725 2245 821 2309 quarn
836 2231 965 2308 oportet
986 2211 1071 2287 inter
1092 2244 1128 2286 se
1149 2222 1293 2288 diductis
1316 2226 1527 2312 araeostylos,

382 2324 527 2411 eustylos
550 2322 797 2389 intervallorum
819 2324 905 2389 iusta
927 2324 1169 2389 distributione.
1214 2346 1290 2408 ergo
1313 2326 1526 2413 pycnostylos
1545 2339 1561 2385 2

381 2436 431 2491 est
452 2428 541 2491 cuius
566 2423 814 2491 intercolumnio
835 2427 931 2490 unius
956 2435 988 2490 et
1009 2425 1201 2490 dimidiatae
1222 2424 1390 2492 columnae
1412 2430 1528 2493 crassi·

380 2528 460 2593 tudo
491 2528 657 2613 interponi
689 2536 811 2613 potest,
846 2528 1119 2613 quemadmodum
1152 2537 1201 2592 est
1234 2527 1305 2592 divi
1333 2526 1412 2594 Iulii
1440 2532 1528 2595 etin

382 2628 532 2694 Caesaris
560 2627 630 2692 foro
653 2628 791 2692 Veneris
821 2639 853 2692 et
882 2630 911 2693 si
940 2650 1023 2715 quae
1044 2627 1128 2692 aliae
1150 2630 1198 2692 sic
1220 2639 1295 2694 sunt
1317 2632 1526 2717 compositae.

308 2745 365 2793 ao
382 2730 461 2793 item
489 2728 632 2815 systylos
661 2737 710 2792 est
738 2730 773 2791 in
795 2751 859 2815 qua
881 2728 1019 2795 duarum
1042 2727 1265 2795 columnarum
1286 2731 1471 2798 crassitudo
1493 2733 1528 2797 in

451 2971 464 3018 1
485 2968 566 3018 aedes
578 2969 638 3018 add.
650 2969 714 3019 Lor.
729 2966 822 3033 (Mar.)
839 2967 850 3036 ΙΙ
867 2969 1019 3021 Alabandis
1037 2971 1123 3021 Man:
1151 2970 1285 3021 alabandi
1305 2972 1335 3037 G,
1355 2974 1528 3030 alabarinthi

383 3050 441 3116 (sed
452 3053 540 3102 rinthi
551 3055 577 3103 in
588 3068 642 3106 ras.
653 3052 704 3116 Hc)
715 3054 743 3102 H
754 3052 832 3118 (Llc).
854 3056 918 3118 fort.
929 3055 1105 3117 alabaundis,
1118 3062 1146 3106 ut
1155 3055 1321 3107 Labraunda.
1336 3053 1349 3123 ll
1366 3059 1452 3109 etiam
1465 3076 1526 3125 eqo:

383 3141 412 3187 et
425 3138 483 3187 GH.
496 3133 509 3203 Η
525 3138 693 3189 2menesthe
704 3139 733 3188 H
745 3135 825 3203 (Llc),
838 3144 900 3189 -te
915 3142 945 3190 G.
967 3137 979 3206 ΙΙ
1000 3143 1016 3192 3
1031 3140 1142 3192 aedem:
1161 3140 1257 3191 eadem
1265 3149 1326 3192 ante
1334 3160 1388 3197 ras.
1399 3145 1527 3208 (eidem)

382 3223 419 3272 H.
440 3217 452 3288 ΙΙ
471 3224 488 3271 4
507 3221 586 3272 effesi
605 3223 635 3276 G.
657 3218 668 3288 Η
689 3223 705 3273 5
724 3221 925 3288 Chersiphrone
949 3224 1026 3274 Solo.
1047 3222 1103 3288 (cst.
1125 3225 1186 3274 VII
1197 3226 1253 3290 prs.
1272 3233 1298 3275 et
1315 3226 1349 3285 X,
1362 3227 1403 3291 5):
1423 3228 1528 3293 therlsi

382 3306 460 3356 frene
481 3307 509 3365 G,
529 3306 700 3357 chresifrone
720 3305 778 3370 (sed
795 3309 858 3360 chre
877 3310 905 3358 in
923 3325 976 3361 ras.
995 3301 1044 3368 Hc,
1062 3317 1090 3359 ut
1106 3324 1187 3374 supra
1202 3326 1226 3360 a.
1241 3307 1267 3373 1)
1284 3311 1315 3358 Η
1332 3309 1416 3374 (mo,
1436 3313 1529 3365 chresi

382 3391 472 3440 fronte
496 3398 555 3441 ante
573 3407 641 3444 corr.
660 3391 704 3455 L).
721 3387 733 3459 ll
753 3392 902 3458 hypethros
920 3395 951 3442 H
968 3393 1011 3457 (lla,
1030 3393 1199 3459 hypoethres
1216 3410 1237 3452 c,
1256 3394 1368 3446 -thros
1385 3407 1425 3461 σθ,
1448 3397 1527 3464 hipe-

383 3473 458 3523 thros
476 3473 526 3540 L):
545 3475 682 3540 hypedros
702 3477 731 3526 G.
755 3472 767 3543 ΙΙ
794 3493 859 3528 vero
885 3480 915 3527 H
934 3478 992 3542 (Llc
1010 3486 1035 3528 et
1056 3482 1124 3528 inter
1141 3481 1184 3528 lin.
1205 3477 1263 3544 6⁶):
1297 3493 1310 3529 a
1332 3478 1360 3544 (i.
1379 3497 1403 3532 e.
1422 3484 1525 3549 autem)

385 3558 414 3608 G.
432 3554 444 3624 ΙΙ
460 3559 489 3607 in
507 3575 612 3624 proauo
632 3560 661 3611 G.
678 3559 689 3625 ΙΙ
706 3563 721 3610 9
741 3563 790 3613 sub
809 3561 871 3614 diuo
890 3563 929 3612 hic
949 3564 1007 3614 GH.
1024 3560 1036 3628 Η
1053 3565 1083 3612 11
1103 3562 1259 3628 octastylon
1275 3565 1377 3629 templo
1395 3565 1526 3634 Olympio

383 3657 430 3705 epo
443 3640 550 3705 (Mar.):
571 3645 720 3708 octastylos
738 3646 910 3731 (octastilos
925 3649 956 3712 G)
975 3648 1051 3712 &(et
1065 3648 1097 3713 G)
1109 3648 1212 3714 templo
1230 3647 1299 3713 oly(i
1313 3649 1420 3716 G)mpio
1437 3653 1494 3707 GH.
1511 3651 1524 3719 ll

384 3745 415 3793 13
428 3743 600 3808 pignastylos
618 3745 647 3794 H
665 3744 745 3812 (Llo),
764 3749 849 3814 pigna
867 3750 945 3801 stilos
964 3752 985 3801 G
1003 3748 1097 3816 (pigno
1114 3750 1193 3800 stilos
1210 3749 1263 3812 G0).
1290 3747 1304 3817 ΙΙ
1330 3752 1443 3816 sistylos
1463 3755 1491 3804 G.
1511 3753 1524 3820 ΙΙ

384 3830 416 3877 14
439 3828 642 3880 remissioribus
667 3832 937 3884 intercolumniorum
964 3835 1062 3900 spatiis
1090 3832 1161 3900 (epo,
1190 3836 1424 3888 intercolumniis
1437 3839 1525 3900 Lon),

382 3909 519 3976 diastylos
542 3912 593 3976 (ed.
616 3915 692 3978 Van.)
715 3916 844 3982 amplius:
872 3919 1076 3970 remissioribus
1097 3921 1172 3971 inter
1194 3920 1298 3985 estylos
1325 3921 1525 3985 (remisioribus

382 3997 553 4048 interestilos
572 3999 604 4064 G)
624 4000 740 4066 amplius
760 4002 819 4054 GH.
842 3998 854 4068 Ι]
878 4005 909 4054 15
927 4005 1017 4053 rarius
1033 4004 1102 4054 dou:
1122 4020 1184 4055 rare
1204 4006 1262 4055 GH.
1286 4003 1298 4072 ΙΙ
1321 4006 1441 4057 diductis
1461 4010 1526 4060 Get

381 4088 441 4133 ante
459 4098 528 4134 corr.
547 4084 577 4132 H
594 4082 731 4146 (deductis
750 4085 858 4150 Hero).
882 4083 894 4153 ll
922 4087 1042 4138 diductis
1060 4088 1247 4154 araeostylos,
1271 4090 1394 4154 eustylos
1412 4093 1453 4144 cd.
1470 4093 1523 4144 Fa:

383 4166 698 4234 deductis.Areostylos
718 4174 745 4220 θῖ
767 4169 852 4234 stylos
874 4172 904 4222 H
927 4170 1011 4237 (Llc),
1035 4171 1375 4226 diductis.Areostilos
1398 4176 1523 4242 spatiis

381 4251 690 4305 intercolumnioru
706 4251 711 4317 Ι
725 4254 931 4319 pignostilos
949 4256 1071 4320 spatiis
1095 4258 1297 4310 indiastilos
1315 4245 1478 4327 areostillos
1496 4265 1524 4312 et

382 4335 462 4385 stilos
474 4334 555 4406 Globi
565 4338 599 4388 (1¹⁶
606 4341 675 4389 linea
684 4342 812 4390 deleturus
821 4341 943 4391 subduxit
950 4341 1028 4391 verba
1036 4357 1072 4391 ea
1080 4360 1160 4408 musy.
1169 4346 1224 4397 scit.
1230 4346 1328 4396 inserta
1333 4345 1523 4397 Areostilos-

381 4418 557 4485 indiastilos).
575 4418 587 4488 ΙΙ
604 4425 636 4473 16
648 4423 819 4489 pignostylos
832 4426 868 4489 H,
881 4425 966 4490 pigno
966 4425 1063 4505 stilos
1077 4429 1106 4479 G.
1123 4424 1135 4493 ΙΙ
1153 4429 1184 4479 18
1198 4432 1240 4479 est
1251 4430 1281 4478 H
1292 4429 1351 4492 (Llc
1368 4439 1395 4480 et
1405 4433 1432 4481 in
1443 4446 1521 4495 marp.

383 4520 441 4586 θὴς
460 4537 508 4572 om.
527 4522 556 4572 G.
580 4519 592 4588 ss
614 4523 664 4573 iuli
681 4532 740 4576 unte
757 4542 826 4577 corr.
845 4528 884 4586 H,
904 4526 966 4577 iulii
985 4528 1049 4578 GH0
1067 4525 1147 4594 (Llc).
1170 4525 1183 4596 [l
1205 4533 1236 4580 19
1255 4531 1432 4596 compositae.
1450 4532 1521 4612 Item

380 4605 451 4654 Joc.:
471 4607 673 4675 conpositae(te
692 4610 724 4672 G)
748 4612 909 4675 patentibus
931 4627 1003 4662 rare.
1037 4614 1106 4663 Item
1131 4614 1182 4664 GH
1204 4612 1299 4677 (umbra
1315 4631 1419 4681 casap-
1432 4632 1520 4668 errore

381 4688 516 4752 repetitis).
541 4685 553 4756 ΙΙ
576 4691 787 4746 201tesistilos
808 4695 840 4745 G:
858 4696 930 4745 Item
943 4694 1030 4762 stylos
1047 4698 1077 4747 H
1088 4696 1167 4763 (Llc).
1191 4694 1204 4765 H
1226 4715 1280 4765 qua
1298 4701 1376 4754 Pau:
1396 4716 1449 4768 quo
1462 4701 1519 4755 GH.
