3784 5625
668 659 715 705 nn
736 656 1005 706 ancnrrrcruna
1028 659 1097 705 nm.
1122 658 1196 707 vm.
1431 644 1505 710 185

362 836 440 879 vero
468 835 534 877 non
560 810 664 877 solum
691 821 785 898 potus
815 810 873 875 sed
901 811 1047 876 infinitas
1068 835 1130 876 usu
1152 811 1339 899 praebendo
1361 815 1503 877 necessi-

325 933 342 981 4
361 926 457 998 tatae,
473 924 584 1000 gratas
600 911 686 999 quod
702 924 751 978 est
765 914 908 999 gratuita
929 922 1074 999 praestat
1088 912 1257 979 utilitates.
1296 936 1390 979 exeo
1406 916 1504 991 etiam

361 1019 418 1105 qui
433 1016 618 1082 sacerdotia
631 1024 749 1102 gerunt
763 1014 907 1081 moribus
923 1016 1178 1104 Aegyptiorum,
1202 1017 1377 1081 ostendunt
1392 1038 1504 1080 omnes

362 1140 414 1183 res
438 1140 456 1182 e
478 1117 613 1203 liquoris
635 1126 796 1205 potestate
819 1117 1008 1182 consistere.
1052 1120 1162 1204 itaque
1185 1139 1257 1181 cum
1280 1117 1399 1205 hydria
1420 1139 1505 1204 aqua

361 1220 404 1285 ad
426 1218 584 1308 templum
605 1219 784 1305 aedemque
806 1228 896 1284 casta
911 1218 1070 1304 religione
1084 1220 1240 1302 refertur,
1262 1228 1341 1284 tune
1363 1220 1397 1283 in
1418 1228 1539 1283 terrae

361 1322 612 1410 procumbentes
627 1320 777 1385 menibus
793 1321 834 1384 ad
858 1320 982 1385 caelum
999 1319 1136 1388 sublatis
1159 1321 1358 1387 inventionis
1380 1322 1504 1406 gratias

361 1432 465 1509 agimt
486 1423 619 1487 divinae
640 1421 848 1508 benignitati.
1434 1495 1438 1502 ,

447 1524 532 1590 Cum
551 1532 631 1609 ergo
654 1534 686 1589 et
713 1546 733 1588 a
754 1524 900 1611 physicis
924 1532 957 1589 et
977 1522 1181 1613 philosophis
1204 1533 1236 1589 et
1264 1525 1307 1589 ab
1328 1523 1505 1589 sacerdoti-

361 1626 423 1691 bus
447 1626 611 1692 iudieetur
633 1647 676 1689 ex
696 1634 859 1713 potestate
879 1648 983 1712 aquae
1006 1647 1117 1700 omnes
1139 1647 1191 1690 res
1208 1635 1367 1709 constare,
1390 1626 1505 1713 putavi

363 1728 517 1814 quoniam
544 1728 580 1791 in
601 1727 764 1814 prioribus
788 1734 913 1815 septem
935 1726 1154 1812 voluminibus
1176 1729 1319 1794 rationes
1341 1727 1504 1794 aedificio·
1524 1741 1556 1790 10

362 1852 434 1894 rum
457 1838 532 1894 sunt
554 1830 737 1915 expositae,
761 1828 796 1892 in
817 1828 879 1893 hoc
901 1838 1050 1916 oportere
1071 1830 1112 1895 de
1134 1830 1381 1896 inventionibus
1402 1851 1506 1916 aquae

363 1952 509 2018 quasque
528 1930 647 1996 babeat
668 1931 703 1994 in
725 1929 869 1996 locorum
890 1932 1144 2017 proprietatibus
1160 1932 1299 1997 virtutes
1323 1932 1506 2019 quibusque

361 2032 544 2101 rationibus
567 2031 704 2097 dueatur
726 2041 758 2096 ct
780 2031 1050 2118 quemadmodum
1073 2034 1150 2097 item
1173 2033 1330 2120 probetur
1352 2033 1505 2099 scribere.

365 2144 414 2199 est
437 2135 523 2199 enim
545 2135 686 2199 maxime
708 2131 890 2197 necessaria
912 2141 944 2198 et
966 2132 1133 2199 advitam
1155 2135 1251 2200 etad
1273 2134 1505 2201 delectationes
1615 2138 1620 2147 '

365 2244 397 2301 et
419 2234 462 2301 ad
483 2258 578 2302 usum
599 2234 805 2301 cotidianum.
1070 2298 1072 2303 ,
1526 2249 1558 2299 15

334 2357 346 2405 1
448 2338 500 2410 Ea
513 2346 622 2402 eutem
637 2338 699 2401 erit
720 2336 862 2422 facilior,
886 2338 914 2401 si
935 2346 1030 2402 erunt
1051 2337 1157 2403 fontes
1177 2339 1284 2426 aperti
1306 2347 1338 2402 et
1359 2338 1506 2403 fluentes.
1527 2351 1541 2400 1

365 2441 418 2505 sin
443 2449 553 2505 autem
579 2451 646 2504 non
671 2439 848 2528 profluent,
878 2439 1065 2525 quaerenda
1091 2440 1152 2505 sub
1179 2450 1267 2505 terra
1296 2449 1371 2504 sunt
1399 2440 1507 2526 capita

365 2552 398 2609 et
425 2540 619 2628 colligenda.
668 2563 751 2627 quae
774 2542 821 2605 sic
849 2550 943 2605 erunt
973 2541 1171 2629 experienda
1197 2544 1247 2624 uti
1276 2540 1506 2628 procumbatur
1566 2551 1568 2554 ’

363 2646 398 2710 in
420 2645 535 2709 dentes
557 2652 731 2729 antequam
758 2641 807 2707 sol
835 2652 968 2708 exortus
995 2642 1110 2725 fuerit,
1139 2645 1173 2707 in
1200 2642 1280 2710 locis
1303 2642 1422 2729 quibus
1445 2644 1506 2706 erit

365 2744 603 2834 quaerendum,
626 2753 659 2809 et
679 2746 715 2808 in
735 2753 822 2808 terra
835 2752 944 2809 mento
967 2744 1133 2811 conlocato
1148 2753 1181 2809 et
1201 2744 1294 2811 fulto.
1306 2744 1505 2833 prospician-
1525 2758 1558 2805 20

365 2859 492 2914 turcae
511 2848 671 2933 regiones.
715 2848 763 2914 sic
785 2848 872 2910 enim
892 2869 959 2912 non
981 2847 1104 2912 errabit
1126 2846 1287 2912 excelsius
1303 2869 1400 2935 quam
1414 2869 1507 2933 opor-

365 2959 434 3015 teat
456 2950 564 3032 visus,
594 2970 668 3014 eum
691 2949 753 3014 erit
774 2949 932 3015 inmotum
955 2957 1116 3033 mentum,
1145 2948 1203 3014 sed
1225 2948 1377 3027 libratam
1398 2949 1506 3014 altitu-

351 3053 478 3117 dinem
500 3051 535 3115 in
555 3050 744 3136 regionibus
768 3059 856 3115 certa
877 3050 1024 3119 linitione
1046 3050 1242 3136 designabit.
1286 3061 1365 3116 tunc
1386 3052 1421 3114 in
1436 3052 1505 3137 qui-

366 3153 428 3220 bus
449 3152 529 3218 locis
553 3151 752 3217 videbuntur
771 3174 899 3216 umores
922 3155 1165 3241 concrispantes
1181 3162 1213 3217 et
1234 3154 1269 3216 in
1282 3174 1359 3216 aera
1372 3173 1505 3238 surgen-

366 3265 432 3338 tes,
454 3253 504 3320 ibi
524 3254 678 3348 fodietur.
720 3275 786 3318 non
808 3255 895 3318 enim
915 3256 951 3319 in
965 3256 1052 3320 sicco
1074 3255 1143 3321 loco
1166 3253 1228 3318 hoc
1248 3262 1356 3343 potest
1378 3255 1508 3340 signum
1524 3269 1558 3318 25

366 3357 449 3423 fieri.

335 3481 350 3528 2
450 3457 536 3523 Item
557 3458 883 3523 animadvertendum
899 3467 949 3524 est
971 3459 1203 3546 quaerentibus
1224 3481 1342 3545 aquam
1365 3481 1429 3546 quo
1451 3480 1507 3544 ge-

366 3581 443 3624 nere
464 3560 531 3626 sint
549 3557 631 3625 loca.
669 3568 758 3624 certa
779 3562 865 3625 enim
888 3571 964 3626 sunt
984 3564 1020 3627 in
1042 3561 1161 3649 quibus
1181 3563 1337 3647 nascitur.
1369 3563 1509 3625 increta

366 3662 474 3728 tenuis
503 3671 535 3725 et
561 3659 658 3726 exilis
686 3671 719 3726 ct
745 3684 810 3728 non
836 3662 903 3728 alta
931 3672 981 3728 est
1008 3667 1111 3751 eopia.
1157 3686 1195 3727 ea
1216 3665 1279 3728 erit
1300 3686 1365 3728 non
1386 3664 1508 3751 optimo

437 3853 451 3901 1
469 3865 533 3902 usu:
550 3853 589 3902 rio
605 3851 691 3904 ΕΘΗ.
708 3847 721 3918 ΙΙ
739 3855 757 3901 4
773 3852 871 3916 hydria
890 3867 964 3917 aqua
981 3869 1041 3916 eqo:
1060 3852 1150 3902 hidria
1168 3853 1222 3914 qui
1241 3853 1269 3912 Θ,
1287 3853 1359 3903 idria
1377 3867 1458 3916 quam
1475 3852 1507 3910 Ε,
1607 3909 1609 3913 ¹

367 3934 466 4001 hydria
489 3950 569 4000 quem
590 3937 623 3986 H
639 3933 692 4000 (cl,
716 3939 767 4002 que
788 3937 843 4001 ΕΙ).
865 3934 878 4004 Η
905 3939 921 3986 5
943 3938 1068 3987 referunt
1089 3937 1115 3986 Ε
1139 3933 1236 3999 (solus).
1264 3932 1277 4003 ΙΙ
1303 3939 1319 3986 6
1341 3936 1509 3986 inventionis

368 4035 428 4085 epo:
446 4019 651 4071 inventionibus
670 4019 770 4088 (—nib;
790 4022 819 4079 Θ,
832 4022 922 4074 —nib:
940 4020 977 4085 E)
989 4022 1077 4074 ΕΘΗ.
1091 4018 1104 4088 ΙΙ
1121 4024 1135 4072 7
1148 4020 1329 4085 benignitati:
1346 4021 1384 4070 sic
1396 4018 1481 4071 ΕΘΗ.
1494 4014 1507 4083 (l

368 4098 529 4168 Bet(&H)
547 4103 729 4170 philosophis:
747 4106 882 4157 eieEGH.
899 4103 943 4173 119
962 4122 995 4157 ex
1014 4104 1166 4172 (pot.)EG:
1185 4103 1208 4155 e
1225 4099 1506 4169 nutriant(

369 4190 402 4238 10
419 4188 449 4238 in
472 4203 519 4240 om.
543 4188 565 4239 Θ
589 4184 650 4254 (noa
672 4188 719 4251 Ε).
747 4185 759 4254 ΙΙ
792 4193 821 4240 11
841 4191 1199 4256 aquae-proprietatibus
1221 4205 1267 4244 om,
1291 4188 1325 4236 E.
1349 4184 1362 4253 l(
1390 4189 1421 4237 13
1443 4187 1509 4237 item

368 4290 439 4343 loa:
465 4292 538 4340 inter
557 4271 618 4353 (inl
627 4289 664 4353 Ε)
681 4290 740 4353 ΕΘ,
759 4291 817 4341 inte
840 4293 872 4340 H
887 4289 974 4355 (Llcb,
997 4294 1045 4342 sed
1065 4293 1094 4342 tc
1111 4289 1185 4353 rite).
1214 4287 1226 4356 (l
1253 4291 1285 4340 14
1308 4289 1509 4340 delectationes

369 4375 395 4424 Ε
413 4372 534 4438 (G0Llc):
553 4373 723 4427 delectiones
741 4376 773 4424 H
787 4382 813 4426 et
829 4382 889 4425 onte
906 4391 976 4426 corr.
997 4377 1025 4426 Θ.
1048 4372 1062 4442 ss
1084 4378 1115 4425 16
1134 4376 1187 4426 erit
1210 4374 1320 4426 facilior
1338 4372 1457 4437 (felicior
1474 4374 1508 4439 lc)

371 4458 395 4508 ni
417 4461 510 4511 erunt:
537 4461 575 4510 sic
597 4459 682 4512 ΕΘΗ.
709 4455 723 4526 (1
751 4461 782 4509 18
801 4458 967 4525 colligenda]
997 4461 1038 4510 bie
1056 4461 1148 4511 desinit
1170 4461 1203 4515 Ε.
1227 4456 1239 4526 ΙΙ
1264 4462 1295 4511 19
1312 4459 1439 4509 indentes
1459 4460 1512 4509 GH
1564 4528 1566 4532 .

372 4541 414 4606 (lc,
431 4542 561 4595 inuentae
578 4543 622 4608 L).
647 4540 659 4612 ΙΙ
681 4547 713 4594 21
733 4560 783 4595 eae
803 4545 857 4594 GH
871 4544 936 4609 (hee
955 4543 1024 4607 Llc).
1039 4541 1053 4612 ΙΙ
1068 4547 1101 4596 25
1119 4549 1211 4609 potest
1228 4545 1350 4610 signum:
1368 4547 1406 4594 eie
1425 4544 1483 4594 ΘΗ.
1495 4541 1507 4610 (l

371 4627 405 4676 26
422 4626 483 4678 lieri
506 4629 558 4680 ΘΗ
575 4626 623 4693 (L,
641 4628 731 4680 videri
747 4627 790 4693 lo).
815 4626 828 4696 l(
848 4631 881 4679 27
900 4643 1000 4693 genere
1021 4630 1075 4684 ΘΗ
1089 4628 1136 4694 (L,
1159 4645 1227 4695 gera
1244 4638 1303 4681 ante
1321 4645 1389 4682 corr.
1412 4646 1439 4690 c,
1462 4644 1510 4694 ge·

371 4721 440 4762 nere
456 4715 494 4764 10⁶
510 4721 536 4764 et
553 4719 612 4764 oute
629 4729 698 4766 corr.
716 4715 739 4773 lt,
756 4714 799 4764 ubi
815 4729 916 4779 genere
934 4713 983 4777 dc).
