3784 5625
388 654 452 716 290
569 670 616 715 ns
639 669 799 716 nrvnnsm
822 668 983 715 aramma
1006 630 1343 716 sncnlrscronrdsn.

387 845 487 886 venas
522 821 643 885 habent
676 821 734 885 sed
763 822 895 904 egregia
923 822 1096 883 suavitate.
1139 822 1174 883 in
1201 820 1358 884 sabulone
1383 821 1530 886 masculo

386 934 418 987 et
440 924 561 987 harena
584 933 616 986 et
638 921 834 986 carbunculo
857 922 1010 987 certiores
1033 933 1065 984 et
1087 921 1283 985 salubriores
1307 932 1339 985 et
1358 921 1530 985 abundan-

385 1027 484 1089 tiores
514 1034 589 1088 sunt
616 1025 729 1110 copiae
755 1045 922 1109 aquamnr.
967 1025 1002 1085 in
1029 1023 1126 1086 rubro
1155 1046 1235 1086 saxo
1263 1032 1295 1085 et
1323 1024 1476 1109 copiosae
1499 1034 1531 1087 et

385 1127 490 1190 bonae
511 1127 735 1206 inveniuntur,
760 1125 817 1187 sed
832 1124 1072 1210 providendum
1088 1125 1150 1187 erit
1163 1146 1205 1187 ne
1220 1126 1305 1187 inter
1318 1125 1418 1186 rimas
1435 1148 1530 1188 saxo-

385 1250 456 1289 rum
480 1229 633 1312 quoniam
655 1248 833 1312 suspensae
856 1236 932 1289 sunt
954 1225 1138 1288 decurrant.
1172 1225 1233 1287 sub
1256 1226 1424 1289 radicibus
1441 1250 1530 1291 mon·
1550 1242 1565 1288 a

384 1331 464 1392 tium
489 1338 520 1391 ct
548 1330 582 1391 in
607 1330 697 1391 saxis
727 1327 875 1391 silicibus
902 1327 1070 1390 uberiores
1094 1335 1125 1404 et
1155 1325 1352 1390 salubriores
1380 1337 1414 1390 et
1436 1328 1531 1412 frigi·

386 1431 492 1494 diores
514 1452 617 1515 aquae
639 1430 861 1492 inveniuntur.
906 1427 1144 1514 campestribus
1166 1437 1273 1490 antem
1295 1428 1444 1492 fontibus
1469 1429 1531 1492 sal-

386 1554 441 1594 sae
464 1543 635 1613 etgraves
660 1541 692 1593 et
714 1530 845 1616 tepidae
868 1540 900 1593 et
921 1552 984 1593 non
1014 1551 1130 1591 suaves
1161 1540 1271 1608 erunt,
1301 1528 1359 1592 sed
1381 1531 1411 1591 si
1434 1553 1533 1616 sapor
1598 1558 1604 1566 ²

385 1632 490 1695 bonus
518 1633 700 1714 invenitur,
730 1634 812 1695 scito
839 1654 893 1694 cas
916 1632 958 1694 de
980 1630 1145 1694 montibus
1168 1630 1229 1693 sub
1251 1640 1338 1692 terra
1359 1633 1476 1695 venire
1498 1635 1533 1695 iu

385 1732 512 1794 modios
540 1754 687 1816 campos,
719 1732 831 1817 ibique
859 1733 983 1796 umbris
1010 1731 1166 1803 arborum
1191 1741 1357 1794 contectae
1385 1744 1579 1818 praesta-10

386 1833 467 1896 bunt
489 1842 714 1897 montanorum
738 1833 879 1896 fontium
901 1836 1109 1897 suavitatem.

472 1934 572 2017 Signa
599 1944 708 1997 autem
735 1936 987 2021 investigandae
1013 1956 1117 2020 aquae
1143 1933 1208 1997 alia
1229 1933 1417 2010 huiusmodi
1440 1937 1530 1999 inve·

386 2038 527 2117 nientur,
550 2037 659 2098 tenuis
682 2038 808 2117 iuncus,
832 2035 917 2099 salix
941 2038 1090 2115 erratica,
1113 2034 1218 2117 alnus,
1242 2038 1346 2118 vitex,
1370 2036 1530 2117 harundo,

386 2137 522 2218 hedera,
556 2136 621 2199 alia
649 2159 776 2222 quoque
810 2160 892 2223 quac
925 2138 996 2200 sine
1017 2159 1128 2200 umore
1160 2138 1250 2199 nasci
1283 2159 1348 2200 non
1381 2149 1530 2223 possunt.

386 2241 540 2324 quoniam
566 2247 675 2301 autem
698 2240 732 2301 in
753 2237 879 2302 lacunis
902 2238 1023 2302 similia
1044 2246 1238 2319 naseuntur,
1266 2237 1364 2301 facile
1386 2238 1439 2302 his
1462 2258 1573 2305 cre-15

387 2340 529 2404 dendum
562 2363 627 2404 non
659 2350 719 2403 est.
762 2341 872 2426 itaque
905 2341 954 2403 sio
988 2340 1195 2402 inventiones
1227 2361 1330 2424 aquae
1362 2339 1530 2426 probabis.

386 2441 530 2504 fodiatur
558 2462 635 2526 ergo
662 2442 720 2505 ubi
748 2441 829 2504 haec
856 2443 952 2525 signa
980 2441 1101 2503 fuerint
1122 2440 1272 2517 inventa,
1302 2463 1344 2503 ne
1364 2442 1476 2504 minus
1498 2444 1531 2506 in

387 2541 593 2606 latitudinem
616 2542 716 2628 pedes
741 2560 796 2625 111,
820 2544 854 2606 in
876 2542 1085 2606 altitudinem
1107 2541 1207 2627 pedes
1229 2560 1263 2623 v,
1287 2552 1319 2605 et
1342 2544 1430 2605 circa
1454 2543 1530 2607 solis

386 2666 537 2708 occasum
570 2667 629 2708 vas
661 2643 850 2731 plumbeum
882 2653 938 2707 aut
970 2665 1106 2706 aeneum
1142 2643 1298 2706 mundum
1334 2646 1530 2708 intrinsecus

387 2757 578 2832 perunctum
601 2744 670 2808 oleo
693 2748 728 2808 in
749 2746 848 2807 imam
874 2744 1035 2809 fossuram
1057 2745 1224 2808 inversum
1246 2744 1450 2829 conlocetur,
1478 2769 1529 2810 su·
1547 2765 1575 2811 20

387 2870 510 2933 praque
531 2849 692 2911 fossuram
714 2847 885 2912 frondibus
909 2847 962 2910 vel
984 2841 1221 2911 harundinibus
1244 2847 1352 2911 missis
1376 2852 1464 2912 terra
1483 2851 1530 2912 in·

388 2951 536 3013 ducatur.
572 2951 650 3012 item
672 2949 737 3012 alia
759 2949 813 3012 die
834 2951 1010 3036 aperiatur,
1034 2960 1066 3012 et
1089 2950 1117 3012 si
1139 2948 1273 3012 sudores
1295 2960 1352 3013 aut
1375 2949 1484 3014 stillae
1497 2952 1531 3013 in

388 3073 467 3115 vaso
494 3052 718 3132 invenientur,
745 3053 774 3114 is
797 3050 886 3136 locus
915 3053 985 3114 sino
1013 3049 1218 3113 dubitatione
1243 3074 1362 3136 aquam
1383 3051 1529 3116 habebit.

388 3155 466 3216 item
488 3153 517 3216 si
540 3175 599 3216 vas
622 3162 775 3216 excreta
803 3154 925 3216 siceum
954 3174 1019 3215 non
1041 3161 1168 3216 coetum
1191 3153 1305 3215 eadem
1326 3153 1455 3218 ratione
1475 3176 1529 3240 po-

288 3260 292 3265 ’
388 3256 486 3318 situm
509 3264 541 3317 et
563 3264 710 3339 opertum
733 3254 844 3336 fuerit,
868 3256 896 3317 si
918 3255 946 3316 is
970 3252 1059 3319 locus
1081 3275 1199 3338 aquam
1221 3254 1367 3336 habebit,
1390 3253 1457 3319 alio
1477 3255 1530 3316 die
1545 3272 1574 3322 25

388 3378 447 3418 vas
470 3378 582 3419 umore
609 3354 749 3419 solutum
775 3357 972 3419 invenietur.
1017 3354 1122 3417 vellus
1144 3354 1237 3418 lanae
1260 3354 1414 3420 similiter
1435 3358 1472 3419 in
1493 3378 1530 3420 eo

387 3455 458 3518 loco
480 3458 621 3540 positum
644 3458 673 3519 si
694 3466 822 3519 tantum
842 3458 963 3519 umoris
986 3454 1154 3540 collegerit
1175 3467 1211 3520 ut
1232 3456 1296 3520 alia
1319 3457 1373 3521 die
1388 3458 1531 3544 exprimi

388 3557 503 3641 possit,
525 3578 677 3640 magnam
700 3557 826 3641 copiam
848 3579 952 3642 aquae
967 3556 1072 3621 locum
1087 3558 1208 3621 habere
1222 3558 1397 3642 significat.
1427 3558 1529 3622 lucer-

388 3679 431 3719 na
452 3656 547 3742 plena
568 3657 638 3721 oleo
660 3658 793 3721 incensa
815 3659 843 3721 si
866 3661 900 3721 in
923 3659 1037 3722 eodem
1059 3658 1129 3723 loco
1152 3659 1303 3724 similiter
1322 3659 1483 3746 adoperta
1497 3661 1531 3724 in

387 3758 452 3821 alia
479 3759 533 3822 die
559 3759 670 3853 lucens
698 3759 798 3822 fuerit
824 3761 975 3842 inventa,
1008 3761 1168 3825 indicabit
1190 3784 1263 3824 eum
1283 3761 1391 3826 locum
1412 3785 1531 3848 aquam
1546 3783 1575 3831 30

387 3861 522 3945 habere,
551 3871 723 3948 propterea
750 3861 837 3946 quod
866 3863 971 3927 omnis
999 3862 1088 3927 calor
1114 3864 1156 3926 ad
1185 3885 1220 3927 se
1244 3863 1346 3928 trahit
1372 3886 1528 3929 umorem.

456 4121 632 4184 bquoniam:
651 4121 688 4168 sic
707 4117 782 4183 (qr‘rm
800 4137 821 4176 o,
841 4123 894 4183 quo
911 4119 957 4185 pp)
976 4137 1033 4186 opp.
1059 4117 1071 4186 ΙΙ
1092 4123 1108 4170 6
1126 4121 1253 4171 sinilibus
1272 4137 1300 4184 p.
1324 4118 1337 4186 ΙΙ
1359 4124 1375 4171 9
1393 4083 1530 4185 seroifeas

388 4204 526 4254 montibus
545 4204 602 4266 (sic)
621 4221 642 4252 o.
666 4201 678 4268 ΙΙ
701 4205 733 4253 15
752 4205 893 4267 quoniam:
920 4207 959 4254 sio
977 4203 1016 4269 (at
1032 4221 1113 4269 supro
1130 4205 1158 4269 5)
1176 4222 1232 4270 opp.
1253 4204 1265 4272 ΙΙ
1294 4208 1326 4254 17
1344 4207 1464 4259 fuerint:
1493 4212 1531 4258 sic

387 4305 443 4353 opp.
468 4286 480 4353 ΙΙ
502 4289 622 4338 inventae
638 4305 666 4351 p.
689 4283 703 4354 ll
725 4288 878 4352 18111vp:
898 4288 955 4339 1111
970 4287 974 4352 Ι
988 4306 1013 4352 9.
1037 4285 1049 4353 Η
1072 4291 1109 4339 V:
1128 4293 1166 4339 sic
1182 4307 1239 4354 opp.
1259 4289 1272 4358 ΙΙ
1293 4295 1327 4340 20
1344 4292 1485 4342 inversum
1502 4311 1530 4345 o:

388 4372 456 4435 in(m
467 4373 614 4436 plmersum
629 4389 674 4437 pp.
697 4369 709 4437 ΙΙ
733 4364 884 4422 collocetur
900 4372 984 4426 Mon:
1004 4373 1078 4435 eon(l
1088 4373 1227 4440 putatur
1243 4393 1300 4441 opp.
1316 4372 1329 4442 ΙΙ
1344 4378 1379 4426 23
1397 4393 1467 4428 vaso
1483 4395 1530 4443 op:

388 4472 455 4507 vase
473 4473 490 4520 9
508 4465 533 4506 et
550 4467 585 4508 oc.
613 4453 625 4522 [1
651 4457 825 4507 invenientur
846 4475 873 4507 u:
897 4462 1015 4507 -antur
1028 4475 1060 4522 p,
1079 4465 1194 4508 —untur
1212 4475 1238 4523 q.
1266 4457 1282 4525 ll
1306 4462 1340 4509 24
1362 4463 1483 4525 positum
1503 4467 1532 4512 et

388 4544 511 4604 opertam
529 4558 555 4590 o:
579 4557 626 4590 om.
645 4557 690 4605 pq.
713 4538 725 4607 ΙΙ
748 4544 780 4591 27
799 4542 937 4606 colligerit
955 4546 1004 4591 aut
1021 4560 1047 4606 p.
1068 4539 1080 4608 ΙΙ
1102 4546 1136 4593 30
1153 4544 1263 4593 lucens:
1280 4547 1318 4594 sic
1335 4561 1429 4596 errore
1446 4549 1529 4611 epito-

388 4627 493 4673 matoris
510 4641 558 4688 pro
577 4641 650 4688 „non
669 4625 786 4675 exusta“
807 4628 886 4689 Vicr„
903 4634 994 4676 contra
1012 4629 1144 4678 Palladius
1161 4635 1232 4678 recte
1248 4632 1302 4687 9,8
1319 4631 1466 4690 „extincta
1483 4646 1530 4681 su-

389 4709 547 4806 perstitibus
566 4709 733 4762 alimentis.“
756 4707 768 4776 ΙΙ
792 4711 927 4761 indicabit
942 4722 985 4776 9⁶:
1009 4712 1145 4762 indicauit
1161 4729 1208 4778 pp,
1230 4714 1369 4765 iudicabit
1384 4732 1407 4771 v.
