3784 5625
374 664 417 728 20
868 668 1024 723 vrrnovn

375 832 454 897 locis
482 832 623 896 natando
651 830 799 917 proxime
826 828 903 894 litus
932 830 1128 915 perveniunt
1134 878 1144 911 ,
1172 828 1361 893 inconsueta
1389 826 1520 892 salsitu⁴

377 936 452 999 dine
479 943 644 997 necantur.
695 930 863 1017 exemplar
889 940 998 994 autem
1026 931 1121 994 huius
1144 932 1192 1018 rei
1215 929 1361 1001 Gallicae
1384 928 1521 1015 paludes

377 1046 513 1123 possunt
528 1056 599 1099 esse
615 1055 697 1120 quae
713 1034 836 1096 circum
851 1032 999 1095 Altinum
1021 1033 1211 1095 Ravennam
1234 1032 1420 1117 Aquileiam
1442 1030 1521 1092 alia-

378 1158 551 1223 quequae
577 1136 612 1199 in
640 1133 800 1199 eiusmodi
822 1132 902 1199 locis
924 1135 1103 1220 municipia
1125 1144 1201 1215 sunt
1223 1135 1372 1231 proxima
1394 1131 1522 1218 paludi-

343 1222 458 1321 5busJ
478 1237 572 1330 quod
599 1235 651 1300 his
678 1235 859 1300 rationibus
887 1234 1009 1300 habent
1037 1234 1263 1299 incredibilem
1286 1234 1522 1299 salubritatem.

377 1341 498 1427 quibus
526 1348 636 1402 autem
663 1338 844 1403 insidentes
873 1347 949 1401 sunt
971 1336 1106 1423 paludes
1129 1347 1161 1401 et
1182 1359 1248 1400 non
1269 1336 1390 1400 habent
1413 1335 1523 1398 exitus
1545 1348 1576 1394 12

377 1441 575 1529 profluentes
596 1460 701 1525 neque
721 1460 780 1525 per
800 1439 933 1502 fiumina
952 1460 1058 1525 neque
1080 1461 1138 1526 per
1160 1439 1282 1520 fossas,
1306 1439 1355 1501 uti
1376 1437 1522 1521 Pompti-

377 1564 456 1626 nae,
481 1541 596 1607 stando
612 1550 786 1626 putescunt
801 1550 833 1604 et
855 1562 984 1605 umores
1006 1562 1124 1624 graves
1148 1549 1179 1603 et
1201 1539 1391 1625 pestilentes
1413 1539 1448 1600 in
1470 1536 1533 1599 his·

378 1644 459 1709 locis
482 1644 645 1707 emittunt.
689 1643 767 1706 item
790 1643 824 1705 in
846 1641 969 1728 Apulia
992 1642 1149 1728 oppidum
1172 1639 1283 1727 Salpia
1306 1650 1412 1723 vetus,
1435 1636 1524 1724 quod

330 1763 361 1810 10
379 1744 558 1808 Diomedes
590 1743 632 1807 ab
660 1743 758 1807 Troia
792 1742 923 1807 rediens
951 1744 1122 1807 constituit
1149 1743 1219 1806 sive
1250 1740 1525 1828 quemadmodum

379 1845 527 1911 nonnulli
542 1846 744 1931 scripserunt
759 1843 873 1931 Elpias
888 1844 1054 1927 Rhodius,
1077 1847 1112 1908 in
1133 1844 1292 1908 eiusmodi
1315 1842 1394 1908 locis
1417 1842 1525 1905 fuerat

381 1948 598 2029 conlocatum,
623 1968 665 2009 ex
687 1968 750 2032 quo
773 1945 898 2010 incolae
921 1948 1094 2032 quotannis
1116 1945 1316 2031 aegrotando
1338 1944 1525 2008 laborantes

336 2050 556 2137 ¹aliquando
590 2029 809 2136 pervenerunt
840 2048 882 2111 ad
910 2047 957 2110 M.
985 2046 1165 2112 Hostilium
1191 2046 1234 2111 ab
1262 2068 1365 2134 eoque
1392 2044 1524 2132 publice
1606 2128 1610 2133 ,

379 2161 527 2239 petentes
543 2152 801 2237 impetraverunt
815 2150 894 2233 utis
909 2149 1063 2213 idoneum
1078 2149 1185 2213 locum
1205 2150 1247 2213 ad
1269 2150 1397 2214 moenia
1418 2157 1524 2211 trans-

331 2271 362 2319 15
380 2251 515 2317 ferenda
546 2253 751 2338 conquireret
778 2249 988 2337 eligeretque.
1037 2260 1115 2314 tunc
1142 2252 1171 2316 is
1200 2261 1341 2315 moratus
1369 2272 1434 2314 non
1462 2259 1524 2331 est,

381 2357 439 2420 sed
467 2355 577 2419 statim
604 2352 786 2418 rationibus
815 2350 1004 2418 doctissime
1037 2354 1194 2439 quaesitis
1229 2352 1408 2417 secundum
1435 2373 1526 2415 mare

380 2466 542 2520 mercatus
570 2465 620 2519 ost
647 2455 885 2541 possessionem
913 2453 983 2520 loco
1006 2452 1131 2518 salubri
1152 2455 1193 2517 ab
1222 2441 1401 2540 senatuque
1422 2475 1526 2540 popu-

380 2557 475 2643 loque
497 2557 643 2622 Romano
672 2556 766 2642 petiit
788 2565 824 2618 ut
852 2554 964 2619 liceret
990 2555 1169 2620 transferre
1197 2556 1371 2643 oppidum,
1405 2555 1525 2620 consti-

380 2662 509 2744 tuitque
536 2659 664 2721 moenia
691 2667 723 2720 et
745 2677 835 2719 areas
859 2656 974 2722 divisit
996 2679 1192 2745 nummoque
1215 2660 1364 2723 sestertio
1386 2654 1527 2741 singulis

332 2779 365 2827 20
383 2758 604 2845 municipibus
627 2758 788 2844 mancipio
811 2756 913 2822 dedit.
957 2756 1009 2823 his
1032 2761 1189 2826 confectis
1211 2758 1318 2824 lacum
1339 2758 1468 2846 aperuit
1490 2759 1526 2820 in

382 2882 472 2924 mare
488 2870 520 2923 et
535 2869 665 2944 portum
688 2881 705 2922 e
727 2857 800 2940 lacu
821 2861 1000 2945 municipio
1022 2863 1169 2948 perfecit.
1213 2865 1324 2949 itaque
1345 2883 1432 2925 nunc
1455 2858 1525 2926 Sal-

383 2963 453 3049 pini
469 2969 621 3047 quattuor
642 2959 734 3024 milia
755 2981 910 3046 passuum
933 2965 1097 3047 progressi
1118 2963 1161 3030 ab
1177 2965 1297 3051 oppido
1313 2963 1417 3028 veteri
1432 2960 1525 3025 habi-

383 3072 454 3126 tant
475 3063 511 3125 in
533 3059 657 3126 salubri
678 3060 759 3126 loco.

341 3181 365 3231 v
434 3193 435 3196 ¹
468 3165 550 3230 Cum
579 3185 656 3247 ergo
679 3163 729 3228 his
752 3164 935 3230 rationibus
958 3167 1020 3230 erit
1042 3166 1243 3232 salubritatis
1265 3168 1429 3232 moenium
1451 3185 1559 3231 con-1
1582 3247 1584 3250 Ι

285 3278 289 3287 “
332 3285 365 3334 25
382 3266 592 3331 locandorum
621 3263 797 3350 explicatio
825 3268 1041 3354 regionesque
1068 3267 1190 3334 electae
1217 3269 1341 3333 fuerint
1362 3268 1525 3332 fructibus

382 3369 425 3432 ad
458 3367 609 3430 alendam
642 3368 810 3431 civitatem
843 3370 994 3454 copiosae
1022 3379 1054 3434 et
1082 3372 1210 3434 viarum
1242 3371 1440 3434 munitiones
1468 3378 1527 3433 aut

383 3470 640 3555 opportunitates
655 3457 826 3531 fluminum
842 3490 899 3535 seu
913 3492 972 3556 per
993 3480 1105 3556 portus
1127 3474 1271 3536 marinae
1293 3472 1525 3536 subvectiones

452 3660 579 3707 2autem
598 3673 645 3707 om.
668 3659 701 3708 L.
725 3654 737 3717 ΙΙ
765 3660 969 3725 3aquilegiam
989 3661 1040 3710 GH
1063 3658 1124 3723 (Le,
1148 3662 1266 3712 -leiam
1284 3663 1329 3726 111).
1358 3659 1370 3728 ΙΙ
1398 3663 1525 3726 lneque

382 3743 514 3808 pflumina
534 3743 567 3791 G:
589 3757 676 3806 neque
694 3743 807 3792 flumina
823 3745 853 3793 H
865 3742 943 3810 (Llc).
956 3742 968 3810 ΙΙ
979 3746 1139 3810 pomptinae
1157 3748 1186 3795 H
1209 3747 1360 3811 (pomptine
1379 3743 1427 3810 lc),
1450 3762 1525 3811 pom·

288 3870 291 3872 ,
384 3828 441 3893 tin'q
461 3824 550 3890 G(L).
574 3822 586 3891 11
614 3828 796 3891 Sputescunt
820 3828 870 3877 GH
887 3827 934 3892 (lc,
957 3834 1121 3894 putrescunt
1138 3829 1183 3895 L).
1206 3827 1218 3897 ΙΙ
1241 3833 1257 3881 9
1279 3841 1338 3882 ante
1363 3832 1431 3880 item
1454 3832 1527 3882 rubr.

382 3914 439 3964 mai.
460 3910 551 3960 VIIII.
570 3911 611 3960 De
631 3900 780 3977 municipio
799 3912 932 3974 (municio
949 3914 988 3978 H)
1009 3914 1042 3964 de
1060 3915 1122 3966 loco
1135 3915 1265 3964 inlocum
1285 3913 1364 3978 (—c1i
1377 3916 1416 3978 H)
1435 3920 1526 3965 trans·

382 3997 448 4047 lato.
471 3997 529 4046 GH.
552 3991 564 4060 11
594 3997 625 4046 10
648 3995 780 4046 diomedis
798 3997 834 4048 H.
864 3995 877 4063 [l
901 4000 931 4047 11
950 3999 1058 4063 elphias
1078 4001 1136 4052 GH.
1159 3996 1173 4067 ΙΙ
1201 4002 1232 4049 12
1256 4003 1361 4064 estquo
1379 4001 1428 4048 Hc.
1451 3996 1464 4067 ΙΙ
1493 4002 1526 4050 13
1598 4003 1601 4008 “

577 4084 595 4109 m

386 4116 421 4166 m.
435 4116 463 4164 H
482 4113 540 4176 (Lc,
551 4084 593 4168 effi.
613 4125 648 4174 cc,
669 4131 729 4164 eum
748 4117 772 4179 11,
792 4131 827 4167 m.
845 4114 874 4178 l),
893 4119 988 4166 marcis
1004 4116 1035 4169 G.
1052 4113 1064 4182 ΙΙ
1082 4120 1113 4166 14
1130 4123 1161 4169 ut
1178 4119 1202 4168 is
1215 4117 1285 4182 (iislz
1303 4124 1333 4167 ut
1349 4119 1392 4168 his
1404 4119 1433 4167 H
1445 4116 1537 4183 (Llc),'

383 4217 424 4265 uti
442 4216 485 4265 his
506 4216 534 4264 G.
557 4211 570 4281 ss
594 4217 625 4267 18
643 4232 755 4267 romano
771 4217 799 4274 θ,
814 4214 837 4268 i.
852 4217 880 4265 H
898 4216 939 4280 (.r.
952 4219 984 4276 L,
996 4218 1028 4272 R.
1047 4217 1092 4282 Ic).
1104 4215 1116 4286 ΙΙ
1128 4221 1198 4284 petit
1217 4221 1245 4283 li.
1259 4236 1282 4270 e.
1301 4216 1394 4284 petiit)
1413 4218 1526 4284 11(qu

383 4304 412 4348 et
429 4307 488 4348 ante
506 4315 575 4348 corr.
596 4297 772 4365 alliceret:
791 4300 898 4350 diceret
915 4309 975 4351 unte
992 4319 1046 4355 rus.
1067 4304 1095 4354 0.
1120 4301 1132 4370 11
1154 4307 1187 4355 20
1205 4305 1345 4370 mancipia
1356 4307 1390 4355 L.
1410 4302 1422 4371 [Ι
1444 4308 1477 4356 ‘22
1491 4306 1526 4355 ad

379 4383 484 4449 'oppido
503 4390 563 4433 unte
585 4400 654 4433 corr.
673 4386 710 4435 H.
722 4381 734 4448 ΙΙ
746 4386 837 4435 veteri
859 4386 889 4433 H
902 4384 986 4449 (tlctz
1016 4393 1111 4438 vetere
1136 4389 1166 4442 G.
1189 4385 1202 4455 ll
1224 4390 1304 4440 13111
1322 4390 1449 4455 H(Llc):
1476 4407 1525 4442 om.

384 4466 526 4529 (habitant
543 4465 661 4530 salubri)
681 4468 710 4517 G.
734 4464 746 4533 ll
768 4471 802 4518 24
819 4470 889 4521 rubr.
908 4472 966 4523 mai.
989 4473 1014 4520 X
1038 4471 1113 4534 (aunt.
1136 4490 1182 4524 om.
1201 4475 1251 4537 H).
1274 4475 1316 4524 De
1335 4474 1526 4525 fundamentis

383 4568 522 4602 murorum
550 4549 697 4613 (murorum
724 4558 783 4601 autc
810 4570 878 4606 corr.
907 4570 953 4604 om.
986 4556 1018 4620 θ)
1042 4562 1071 4607 et
1101 4559 1215 4606 turrium
1239 4559 1491 4612 constitutionibus.
1513 4559 1525 4627 ΙΙ

383 4636 520 4690 moenium
539 4637 619 4685 Pla:
648 4650 816 4687 snmoemum
836 4639 893 4688 GH.
915 4636 927 4704 Η
955 4642 987 4689 17
1005 4646 1098 4705 portos
1118 4643 1147 4695 G.
1164 4640 1177 4708 ΙΙ
1199 4643 1393 4694 subvectiones
1414 4644 1465 4693 GH
1483 4641 1527 4708 (lc,

382 4719 571 4771 subvectionis
589 4719 634 4783 L).
726 4792 731 4800 Ι
