3784 5625
690 658 739 704 nu
760 656 1028 705 assumserunt
1051 658 1120 704 ara.
1144 659 1194 704 111.
1474 644 1515 709 73

368 810 580 898 asperitatem
601 808 923 876 intercolumniorum
943 810 1062 875 habeat
1084 812 1326 892 auctoritatem,
1349 822 1516 899 praeterea

369 913 398 976 si
420 934 464 976 ex
478 912 640 978 imbribus
655 934 759 1000 aquae
773 913 824 976 vis
840 913 1050 998 occupaverit
1065 922 1097 977 et
1116 910 1334 977 intercluserit
1349 913 1515 979 hominum

369 1012 633 1096 multitudinem,
660 1024 698 1079 ut
719 1013 837 1079 habeat
859 1015 894 1077 in
916 1014 998 1077 aede
1020 1015 1170 1100 circaque
1192 1012 1307 1078 cellam
1329 1038 1403 1079 cum
1424 1014 1513 1079 laxa-

369 1100 479 1181 mento
501 1113 640 1179 liberam
661 1137 794 1181 moram.
837 1115 919 1178 baec
939 1124 1048 1179 autem
1070 1117 1117 1180 ita
1139 1114 1344 1202 explicantur
1364 1117 1400 1180 in
1421 1139 1514 1202 pseu-

369 1215 552 1303 dodipteris
580 1216 712 1281 aedium
734 1218 1013 1304 dispositionibus.
1057 1238 1157 1303 quare
1178 1218 1309 1281 videtur
1329 1226 1425 1281 acuta
1449 1234 1550 1282 mas

369 1340 501 1405 gnaque
533 1316 677 1384 sollertia
710 1320 842 1384 effectus
878 1342 1010 1406 operum
1040 1319 1262 1404 Hermogenes
1295 1320 1414 1383 fecisse
1440 1318 1515 1383 reli-

370 1421 545 1508 quisseque
566 1421 673 1486 fontes
700 1421 787 1485 unde
808 1422 930 1507 posteri
957 1430 1088 1507 possent
1116 1421 1246 1486 haurire
1268 1419 1515 1507 disciplinarum
1620 1504 1623 1509 .

369 1522 524 1587 rationes.
1037 1599 1040 1603 Ι

320 1635 352 1683 10
456 1624 606 1690 Aedibus
644 1624 835 1711 araeostylis
873 1623 1043 1688 columnae
1075 1625 1123 1688 sic
1156 1632 1232 1688 sunt
1264 1624 1435 1690 faciendae
1468 1624 1517 1688 uti

369 1726 605 1793 crassitudines
628 1747 739 1791 earum
761 1726 826 1790 sint
847 1727 950 1811 partis
972 1734 1107 1792 octavae
1129 1726 1171 1790 ad
1192 1725 1394 1791 altitudines.
1412 1758 1416 1764 ·
1438 1726 1517 1789 item
1536 1742 1568 1790 lo

369 1828 406 1890 in
428 1826 571 1913 diastylo
598 1827 800 1891 dimetienda
827 1836 876 1891 est
902 1825 1041 1891 altitudo
1069 1825 1236 1891 columnae
1257 1829 1292 1891 in
1313 1836 1422 1914 partes
1444 1836 1517 1892 octo

371 1936 404 1992 et
433 1927 605 1992 dimidiam
627 1930 776 1993 etunius
799 1930 900 2015 partis
924 1929 1093 1994 columnae
1115 1929 1296 1993 crassitudo
1320 1927 1516 1994 conlocetur.

370 2031 408 2094 in
434 2024 575 2117 systylo
588 2029 727 2095 altitudo
755 2031 923 2095 dividatur
950 2032 985 2095 in
1006 2052 1124 2095 novem
1146 2039 1178 2093 et
1200 2029 1368 2094 dimidiam
1392 2039 1517 2116 partem

371 2141 405 2197 et
438 2153 482 2196 ex
514 2132 560 2196 eis
588 2154 652 2196 una
678 2132 720 2196 ad
749 2132 999 2197 crassitudinem
1026 2130 1194 2197 columnae
1221 2131 1327 2196 detur.
1377 2133 1456 2195 item
1482 2132 1517 2195 in

371 2231 569 2320 pycnostylo
585 2232 765 2298 dividenda
780 2244 830 2299 est
852 2233 991 2298 altitudo
1014 2235 1049 2296 in
1071 2233 1183 2297 decem
1206 2242 1238 2297 et
1261 2234 1330 2296 eius
1352 2255 1418 2296 una
1440 2255 1515 2319 pars
1535 2248 1566 2295 15

372 2334 524 2399 facienda
550 2345 599 2399 est
627 2332 794 2400 columnae
822 2334 1016 2399 crassitudo.
1066 2333 1186 2419 eustyli
1213 2343 1321 2398 autem
1349 2334 1439 2397 aedis
1463 2355 1514 2398 co·

371 2432 521 2519 lumnae,
548 2437 597 2500 uti
624 2436 759 2524 systyli,
787 2438 822 2499 in
849 2458 969 2500 novem
995 2446 1103 2522 partes
1131 2434 1270 2499 altitudo
1293 2434 1463 2499 dividatur
1484 2443 1516 2499 et

372 2536 547 2602 dimidiam
572 2548 698 2625 partem
725 2549 758 2602 et
786 2540 853 2602 eius
881 2560 946 2601 una
973 2559 1049 2625 pars
1071 2537 1287 2601 constituatur
1307 2537 1342 2600 in
1364 2537 1479 2601 cressit
1505 2574 1515 2584 -

372 2638 451 2703 dine
477 2640 537 2703 irni
557 2642 658 2728 scapi.
706 2642 754 2704 ita
774 2639 949 2706 habebitur
969 2662 1028 2727 pro
1048 2647 1120 2702 rata
1141 2646 1233 2723 parte
1254 2636 1516 2703 intercolumnio-

320 2758 354 2805 11
371 2763 446 2806 rum
477 2742 571 2807 ratio.
621 2741 893 2828 quemadmodum
925 2742 1012 2805 enim
1045 2749 1193 2804 crescunt
1220 2741 1326 2828 spatia
1352 2742 1438 2804 inter
1464 2762 1516 2806 co·
1534 2754 1568 2804 20

372 2843 517 2928 lumnas,
550 2845 815 2931 proportionibus
847 2843 1059 2929 adaugendae
1086 2853 1162 2907 sunt
1188 2842 1420 2907 crassitudines
1448 2865 1517 2908 sca-

372 2966 500 3033 porum.
560 2968 700 3032 namque
736 2947 765 3010 si
798 2948 833 3010 in
864 2946 1047 3032 araeostylo
1079 2967 1165 3010 nona
1196 2955 1252 3009 aut
1284 2943 1410 3008 decima
1442 2967 1518 3033 pars

374 3046 588 3112 crassitudini
601 3048 720 3131 fuerit,
742 3048 849 3112 tenuis
873 3058 904 3113 et
927 3046 1023 3112 exilis
1045 3047 1232 3133 apparebit,
1255 3046 1329 3112 ideo
1352 3047 1438 3133 quod
1460 3069 1519 3134 per

375 3147 583 3213 latitudinem
594 3147 917 3214 intercolumniorum
928 3171 985 3212 aer
996 3150 1157 3213 consumit
1173 3157 1205 3212 et
1219 3149 1372 3212 inminuit
1383 3158 1519 3233 aspectu

374 3272 548 3338 scaporum
569 3251 830 3316 crassitudinem.
879 3261 992 3315 contra
1013 3271 1091 3314 vero
1114 3248 1329 3337 pycnostylis,
1352 3251 1381 3314 si
1403 3259 1519 3314 octava
1536 3264 1569 3312 25

444 3510 671 3574 lesperitatem:
699 3509 736 3558 sic
756 3508 806 3558 GH
824 3506 869 3571 (of.
892 3507 1022 3579 VIM).
1045 3503 1057 3573 ΙΙ
1079 3506 1185 3557 habeat
1208 3507 1241 3556 G:
1268 3505 1350 3556 hab&
1372 3507 1401 3556 H
1419 3505 1445 3570 (1,
1463 3504 1520 3558 hat

374 3591 603 3658 0110101111).
624 3589 638 3660 ll
660 3596 676 3643 2
695 3609 729 3643 ex
746 3592 880 3643 imbribus
898 3593 971 3642 Mar.
990 3592 1031 3654 (et
1048 3592 1174 3642 imbrium
1192 3589 1286 3655 Parra:
1305 3590 1465 3641 eximbrium
1483 3593 1519 3649 H,

375 3663 513 3729 eximbrid
533 3677 555 3727 G
577 3675 608 3741 (ir
624 3691 674 3742 pro
697 3676 847 3740 u·=b·).
870 3673 883 3742 {l
909 3677 985 3726 rita
1006 3677 1064 3727 100.
1083 3673 1172 3739 (rec.):
1197 3673 1483 3740 assultantis).
1506 3673 1517 3740 ll

374 3765 390 3813 6
408 3761 586 3827 hermogenis
605 3758 727 3828 (111119
744 3776 791 3812 are
809 3761 898 3812 ostilis
918 3761 948 3820 G,
967 3761 1139 3824 aureostylos
1156 3765 1216 3809 aare
1227 3775 1303 3811 corr.
1317 3760 1353 3818 H,
1374 3759 1519 3823 areostylis

374 3845 674 3910 110(.t1,arohouy1is
696 3845 747 3908 01).
775 3841 789 3910 [l
816 3849 848 3896 10
871 3830 1027 3896 altitudinis
1053 3853 1112 3896 auce
1135 3860 1204 3894 corr.
1222 3845 1259 3893 H.
1282 3839 1294 3909 ΙΙ
1324 3845 1355 3892 12
1379 3842 1519 3893 dimidiam

375 3932 432 3984 ed:
451 3930 561 3980 -dium
580 3930 640 3983 GH.
662 3926 675 3996 ΙΙ
704 3932 735 3981 13
753 3929 843 3980 sistito
863 3931 896 3990 (1,
921 3930 1020 3995 sistylo
1038 3931 1067 3979 H
1084 3927 1249 3993 (00011101,
1272 3926 1375 3991 systole
1398 3928 1428 3977 01
1451 3934 1476 3977 et
1493 3929 1520 3976 in

374 4018 561 4080 0000101000.
579 4011 622 4076 1⁶).
646 4009 658 4080 ΙΙ
682 4015 931 4080 15010000111011,
956 4012 1119 4079 pycnostylo
1138 4014 1167 4062 H
1188 4009 1236 4075 (lc,
1260 4010 1419 4076 pronostylo
1437 4009 1484 4074 L).
1505 4007 1516 4073 ll

375 4097 534 4150 indecem:
556 4099 595 4149 ric
614 4098 665 4149 GH
681 4097 724 4162 (h,
743 4100 832 4149 -cIm
849 4098 898 4164 ic),
925 4100 955 4148 in
972 4105 1067 4164 partes
1085 4097 1179 4148 decem
1196 4097 1252 4146 100.
1274 4091 1287 4161 ΙΙ
1311 4097 1342 4146 16
1360 4094 1464 4145 Eustili
1482 4096 1518 4145 G:

376 4182 488 4249 Custyli
506 4183 537 4232 H
547 4180 590 4246 (le,
608 4181 718 4249 Oastyli
729 4183 775 4248 L).
798 4180 810 4250 Η
833 4185 865 4233 11
877 4183 968 4248 systili
983 4185 1012 4233 H
1022 4181 1071 4246 (01,
1090 4180 1182 4246 sistyli
1194 4181 1226 4237 L,
1245 4178 1330 4229 sistili
1342 4178 1406 4246 16⁶),
1426 4179 1520 4229 sustili

376 4275 436 4319 unte
453 4283 524 4318 corr.
545 4266 574 4317 G.
601 4262 615 4334 ss
641 4271 735 4332 partes
756 4269 827 4320 doaz
854 4268 979 4331 partibus
999 4268 1057 4318 GH.
1085 4264 1097 4334 ΙΙ
1126 4269 1157 4316 18
1175 4266 1294 4330 partem:
1318 4264 1356 4313 sic
1380 4263 1431 4313 GH
1456 4264 1519 4326 (del.

377 4350 454 4414 100).
477 4347 490 4418 Ι]
513 4352 547 4400 21
566 4350 764 4418 crassitudines
788 4348 932 4416 Maecia
956 4351 1062 4401 -dinis
1083 4352 1113 4400 11
1130 4347 1195 4413 (LI).
1220 4343 1232 4414 ll
1260 4350 1292 4397 22
1316 4343 1520 4413 siinareolstilo

380 4437 413 4488 G:
431 4436 536 4487 simare
555 4434 646 4498 ostylo
663 4436 692 4485 H
705 4434 785 4502 (hle).
801 4431 813 4501 ΙΙ
832 4436 865 4485 23
883 4435 1061 4485 crassitudini
1079 4434 1124 4499 (cs.
1141 4451 1167 4499 p.
1182 4435 1222 4491 74,
1241 4431 1281 4498 1):
1300 4431 1407 4483 —dinis
1427 4435 1486 4485 GH.
1506 4432 1518 4499 ll

379 4521 411 4571 24
427 4525 549 4587 aspectu
560 4534 706 4585 scaporum
724 4517 867 4586 (aspectus
881 4517 1002 4585 calporr'r
1022 4520 1051 4578 G,
1066 4522 1325 4584 aspectusaaporum
1338 4515 1379 4584 11)
1398 4518 1456 4577 011,
1474 4521 1522 4570 red

381 4611 644 4688 aspectuicaporam
661 4622 704 4673 Hc
726 4622 754 4685 (i.
772 4638 796 4672 e.
823 4624 951 4685 aspectus
969 4635 1114 4687 scaporum
1131 4621 1200 4684 hic).
1226 4616 1240 4688 ΙΙ
1263 4621 1296 4671 21
1314 4616 1471 4686 pinlostilis
1491 4621 1521 4681 G,

381 4706 547 4774 pignostylis
564 4706 595 4755 11
612 4703 690 4771 (hrt,
708 4705 880 4773 pygnostylis
897 4703 925 4769 l).
