3784 5625
668 659 716 706 nn
738 660 1006 709 unanimorum
1029 662 1099 707 nm.
1122 662 1145 708 1.
1460 647 1481 711 3

336 811 639 876 ratiocinationibus
663 820 695 875 et
717 812 833 876 litteris
857 813 933 877 solis
957 813 1070 876 confisi
1093 798 1232 894 fuerunt,
1254 814 1400 879 umbram
1416 837 1481 879 non

336 933 404 975 rem
427 915 591 998 persecuti
613 912 777 977 videntur.
821 922 855 975 at
878 916 933 998 qui
955 924 1127 999 utrumque
1149 914 1408 1001 perdidicerunt,
1432 919 1481 980 uti

338 1014 488 1078 omnibus
516 1016 614 1079 armis
642 998 747 1078 ornati
776 1015 871 1080 citius
899 1037 972 1079 cum
999 1017 1192 1080 auctoritate
1215 1016 1301 1102 quod
1322 1016 1386 1081 fuit
1407 1041 1480 1105 pro-

304 1116 480 1202 3positum
509 1125 585 1179 sunt
612 1116 769 1180 adsecuti.
815 1138 887 1179 cum
917 1118 951 1180 in
974 1118 1124 1181 omnibus
1156 1119 1241 1180 enim
1269 1118 1383 1198 rebus,
1412 1129 1481 1182 tum

251 1210 259 1238 ‘
337 1217 480 1279 maxime
509 1218 606 1279 etiam
627 1219 660 1279 in
683 1217 901 1281 architectura
929 1217 1010 1280 haec
1031 1218 1095 1280 duo
1118 1219 1243 1301 insunt,
1273 1219 1359 1304 quod
1382 1208 1515 1304 signi-o

338 1317 453 1381 ficatur
476 1328 507 1381 et
530 1318 615 1404 quod
639 1319 812 1403 significat.
857 1319 1059 1403 significatur
1086 1322 1253 1405 proposita
1281 1342 1332 1384 res
1356 1321 1396 1383 de
1419 1343 1483 1406 qua

338 1417 469 1502 dicitur,
493 1419 575 1482 hanc
597 1428 705 1482 autem
728 1420 891 1505 significat
914 1421 1149 1484 demonstratio
1165 1422 1345 1485 rationibus
1361 1422 1481 1486 doctri-

337 1541 451 1583 narum
480 1520 653 1607 explieata.
709 1543 808 1607 quare
836 1521 968 1585 videtur
994 1531 1132 1607 utraque
1164 1524 1265 1607 parte
1285 1524 1481 1586 exercitatus

337 1643 409 1685 esse
431 1621 550 1686 debere
573 1624 629 1708 qui
644 1644 679 1685 se
693 1622 905 1686 architectum
927 1622 1125 1709 profiteatur.
1170 1624 1281 1709 itaque
1295 1646 1368 1712 eum
1384 1626 1481 1687 etiam

336 1724 541 1807 ingeniosum
564 1734 691 1811 oportet
713 1746 784 1788 esse
813 1733 844 1787 et
871 1725 913 1787 ad
942 1724 1150 1811 disciplinam
1179 1724 1328 1789 docilem.
1376 1748 1481 1812 neque
1501 1742 1532 1790 10

337 1826 423 1888 enim
451 1827 619 1910 ingenium
655 1826 725 1890 sine
753 1825 927 1910 disciplina
959 1835 1016 1889 aut
1045 1825 1219 1912 disciplina
1252 1829 1322 1891 sine
1349 1829 1481 1912 ingenio

336 1925 517 2011 perfectum
531 1926 689 1990 artificem
704 1936 812 2013 potest
827 1926 966 1990 efficere.
1011 1936 1043 1990 et
1058 1942 1094 1990 ut
1108 1926 1271 1993 litteratus
1281 1930 1341 2011 sit,
1357 1930 1481 2015 peritus

337 2027 530 2114 graphidos,
561 2028 708 2093 eruditus
731 2030 923 2113 geometria,
953 2029 1106 2092 historias
1136 2030 1318 2115 complures
1340 2033 1480 2112 noverit,

337 2128 547 2217 philosophos
571 2129 747 2215 diligenter
774 2130 931 2214 audierit,
960 2132 1118 2194 musicam
1146 2132 1274 2214 scierit,
1298 2131 1480 2195 medicinae

337 2252 402 2294 non
430 2234 473 2295 sit
500 2234 650 2315 ignarus,
684 2254 839 2318 responsa
866 2231 1170 2298 iurisconsultorum
1198 2235 1343 2316 noverit,
1377 2242 1531 2296 astro-15
1633 2274 1636 2282 -

337 2330 456 2416 logiam
480 2333 625 2418 caelique
647 2335 790 2399 rationes
814 2336 962 2418 cognitas
984 2333 1114 2410 habeat.

303 2448 320 2494 4
423 2433 516 2513 Quae
537 2457 594 2497 cur
616 2436 662 2498 ita
683 2437 749 2499 sint
770 2435 850 2498 haec
866 2445 940 2498 sunt
956 2456 1082 2499 causae.
1126 2434 1253 2499 litteras
1268 2435 1480 2498 architectum

339 2536 422 2598 scire
444 2544 582 2622 oportet,
606 2536 655 2598 uti
677 2537 918 2600 commentariis
941 2537 1130 2599 memoriam
1153 2536 1328 2600 firmiorem
1352 2535 1481 2598 efficere

340 2640 453 2723 possit.
506 2638 624 2721 deinde
661 2637 838 2723 graphidos
876 2639 1046 2701 scientiam
1082 2637 1217 2718 habere,
1256 2659 1319 2723 quo
1352 2636 1481 2700 facilius

340 2738 579 2827 exemplaribus
613 2740 710 2827 pictis
743 2761 839 2825 quam
871 2738 952 2802 velit
985 2741 1092 2826 operis
1126 2740 1266 2825 speciem
1300 2738 1481 2803 deformare
1499 2753 1532 2801 20

338 2841 456 2905 valeat.
500 2843 679 2926 geometria
700 2839 806 2905 autem
829 2841 923 2929 plura
944 2841 1108 2928 praesidia
1129 2851 1273 2927 praestat
1287 2840 1480 2904 architectu—

338 2965 408 3026 rae,
441 2953 473 3007 et
501 2947 641 3031 primum
672 2966 709 3006 ea
737 2944 976 3031 euthygrammi
1006 2953 1038 3007 et
1065 2944 1180 3006 circini
1202 2943 1303 3006 tradit
1325 2965 1435 3025 usum,
1464 2965 1482 3004 e

339 3069 401 3131 quo
430 3048 571 3109 maxime
598 3045 728 3110 facilius
756 3046 978 3109 aedificiorum
1005 3047 1039 3108 in
1066 3045 1150 3107 areis
1178 3044 1397 3130 expediuntur
1425 3043 1480 3106 de-

338 3150 531 3234 scriptiones
552 3170 803 3233 normarumque
825 3157 857 3211 et
879 3142 1088 3212 librationum
1110 3155 1142 3209 et
1156 3145 1314 3210 linearum
1330 3145 1481 3208 directio-

408 3462 421 3508 l
441 3460 554 3509 fuerunt
577 3458 606 3508 H
629 3457 769 3523 (cropore,
793 3457 898 3508 fuerint
915 3465 975 3508 onte
997 3474 1067 3512 corr.
1091 3458 1139 3523 P):
1171 3455 1282 3506 fuerant
1301 3457 1330 3509 G.
1354 3453 1367 3523 ΙΙ
1394 3457 1481 3507 liduo

341 3545 367 3593 in
380 3559 433 3595 ros.
446 3545 483 3595 H.
496 3543 508 3610 ΙΙ
520 3545 613 3594 insunt
627 3544 678 3593 GH
688 3542 803 3608 (LPthz
816 3548 880 3593 sunt
892 3543 947 3595 oct.
967 3538 980 3608 [l
1000 3543 1123 3592 9etiam:
1135 3544 1173 3592 sic
1187 3543 1245 3596 GH,
1263 3536 1275 3608 ll
1294 3544 1325 3591 10
1338 3541 1483 3606 disciplina

341 3627 468 3692 H0(Llc):
487 3628 638 3693 disciplina
655 3637 714 3678 onte
732 3645 802 3681 corr.
822 3629 858 3690 H,
876 3642 962 3676 -nas
981 3628 1010 3679 G.
1034 3624 1046 3692 ΙΙ
1074 3628 1104 3675 11
1124 3631 1173 3676 aut
1191 3626 1314 3689 (autom.
1330 3641 1373 3689 pr.
1391 3641 1422 3673 m.
1442 3624 1480 3689 H)

341 3711 491 3777 disciplina
505 3714 564 3763 sine
583 3714 695 3778 ingenio
713 3716 742 3763 H
753 3713 836 3777 (Llc):
857 3717 905 3762 ant
916 3712 977 3762 sine
995 3711 1107 3776 ingenio
1120 3711 1270 3776 disciplina
1284 3711 1313 3763 G.
1336 3706 1348 3776 ll
1372 3711 1403 3759 13
1422 3724 1482 3772 gra-

339 3831 438 3896 phidos
458 3831 507 3879 GH
519 3832 622 3895 (appr,
642 3801 724 3881 —dbs
742 3832 756 3881 b
776 3836 804 3881 et
821 3838 881 3880 onte
898 3846 968 3880 corr.
987 3831 1011 3891 lc,
1030 3829 1116 3879 -dus
1128 3846 1150 3888 e,
1169 3830 1250 3880 -dis
1268 3830 1296 3878 liv
1316 3835 1343 3877 at
1365 3845 1387 3877 υ.
1402 3827 1455 3890 19).
1468 3825 1479 3889 ll

340 3914 492 3979 geometria
517 3915 568 3964 GH
586 3911 636 3979 (L,
659 3918 830 3980 geometrica
858 3917 966 3980 Ppoblc,
994 3916 1053 3964 item
1080 3915 1151 3977 infra
1177 3932 1200 3963 o.
1229 3917 1271 3963 21.
1304 3913 1339 3974 cf.
1364 3915 1404 3969 10,
1428 3909 1481 3971 10).

342 4000 504 4064 geometria,
523 3999 667 4049 historias:
694 4003 732 4049 ric
750 4000 900 4065 (hystorias
919 3999 960 4065 H)
980 4000 1031 4049 GH
1048 3998 1207 4063 (LPpbtclt).
1235 4006 1295 4061 post
1312 3995 1481 4060 geometrica

341 4100 376 4134 ecc
388 4087 585 4149 interpolatione
597 4085 673 4134 codd.
686 4100 739 4134 rec.
758 4100 825 4134 saec.
841 4085 882 4133 XI
889 4086 916 4134 V
925 4100 1010 4134 eorum
1020 4086 1064 4148 qui
1073 4085 1233 4146 pendentes:
1252 4081 1273 4130 G
1285 4080 1406 4143 (propter
1420 4095 1448 4142 p,
1466 4081 1483 4127 1

341 4186 363 4218 o.
378 4169 456 4232 1—3)
474 4172 621 4219 inseruntur
637 4168 715 4218 verba
733 4169 884 4218 instructus
903 4169 1094 4228 arithmetica,
1113 4165 1201 4231 quibus
1219 4165 1303 4213 editor
1321 4163 1483 4213 Florentiam

339 4266 473 4351 praemisit
499 4290 574 4338 etiam
600 4289 663 4354 boec
691 4290 719 4336 et
745 4286 850 4351 optices
878 4301 933 4336 non
961 4286 1086 4350 ignarus.
1132 4251 1253 4333 eruditds
1271 4285 1287 4331 1.
1309 4277 1322 4346 ss
1348 4283 1380 4330 14
1392 4280 1481 4344 philo·

341 4373 441 4436 sophus
460 4380 519 4422 ante
537 4389 606 4423 corr.
626 4373 661 4426 H.
685 4369 696 4438 ΙΙ
721 4373 751 4420 17
770 4374 834 4419 sunt
853 4371 881 4423 G.
895 4367 989 4436 [lhaec
1012 4370 1040 4417 H
1059 4366 1096 4430 (P
1112 4370 1140 4416 et
1163 4370 1228 4416 ante
1248 4381 1316 4415 corr.
1336 4368 1356 4423 t,
1379 4365 1431 4430 hee
1449 4367 1481 4420 L,

341 4456 412 4521 haec
437 4460 465 4517 lc,
488 4457 542 4507 hae
561 4458 603 4516 bc,
627 4457 661 4521 he
678 4454 739 4520 pk):
767 4456 802 4505 he
822 4455 851 4504 6.
879 4450 891 4518 ΙΙ
919 4457 951 4503 19
975 4451 1125 4516 graphidos
1147 4450 1185 4514 (ut
1201 4467 1283 4514 supro
1299 4468 1322 4500 o.
1347 4452 1382 4498 13
1407 4447 1482 4512 GH):

343 4541 485 4606 graphidis
505 4542 563 4595 GH.
587 4538 599 4606 ll
622 4543 655 4590 22
668 4557 702 4591 ca
719 4538 817 4605 (Mor.)
837 4537 1035 4602 euthygrammi
1054 4536 1100 4598 (z
1109 4534 1237 4601 regulae)
1260 4540 1288 4584 et
1306 4534 1404 4582 circini
1425 4534 1481 4582 Joc.

343 4626 389 4688 (cs.
405 4642 434 4689 p.
452 4629 493 4685 11,
512 4625 573 4692 23):
598 4641 632 4674 ex
651 4623 932 4690 euthy(1G)grammis
951 4621 1049 4670 circini
1068 4621 1126 4673 GH.
1163 4620 1279 4681 circinni
1297 4636 1322 4682 p.
1346 4614 1358 4682 ΙΙ
1385 4619 1418 4668 23
1437 4617 1484 4666 de·

344 4712 501 4781 scriptionis
519 4717 579 4761 ante
596 4727 665 4761 corr.
684 4712 720 4763 H.
744 4707 756 4776 Η
780 4712 814 4759 24
831 4707 1001 4757 directiones
1019 4713 1078 4756 onte
1096 4722 1164 4756 corr.
1183 4721 1228 4755 om.
1245 4705 1274 4753 Ρ.

1238 4781 1281 4849 1*
