3784 5625
693 674 740 721 nn
763 674 1031 723 Ancnrrnornns
1054 678 1122 723 nm.
1147 678 1169 724 1.
1464 661 1506 727 25

364 828 542 911 favonium,
555 827 597 891 ab
611 828 886 914 septentrionibus
899 830 1163 915 septentrionem.
1186 832 1245 894 sed
1253 834 1307 917 qui
1315 831 1505 918 diligentius

364 932 609 1017 perquisierunt
629 929 834 994 tradiderunt
857 952 910 1011 eos
934 953 1006 995 esse
1028 942 1111 1014 octo,
1133 933 1275 996 maxime
1294 934 1426 1020 quidem
1437 936 1505 997 An-

364 1032 515 1096 dronicus
538 1032 726 1119 Cyrrestes,
757 1034 812 1118 qui
835 1033 934 1097 etiam
957 1034 1142 1121 exemplum
1164 1034 1346 1099 conlocavit
1366 1036 1506 1100 Athenis

364 1137 480 1197 turrim
508 1156 719 1198 marmoream
749 1143 932 1219 octagonon
960 1145 992 1199 et
1019 1137 1054 1199 in
1082 1135 1220 1221 singulis
1243 1135 1398 1201 lateribus
1421 1148 1506 1201 octa-

364 1237 441 1320 goni
470 1236 670 1321 singulorum
698 1246 869 1301 ventorum
903 1239 1063 1321 imagines
1099 1237 1264 1324 excalptas
1293 1248 1405 1302 contra
1432 1256 1541 1306 suos5

365 1340 521 1423 cuiusque
542 1338 637 1401 flatus
660 1338 859 1423 designavit,
883 1360 1044 1425 supraque
1067 1360 1138 1401 eam
1159 1340 1275 1403 turrim
1290 1349 1410 1404 metam
1424 1363 1506 1405 mar·

363 1461 505 1503 moream
519 1439 657 1527 perfecit
673 1449 705 1504 et
720 1442 854 1528 insuper
864 1440 1035 1505 Tritonem
1049 1461 1179 1510 aereum
1194 1440 1376 1506 conlocavit
1391 1442 1508 1506 dextra

364 1563 463 1605 manu
490 1531 619 1627 virgam
646 1544 881 1629 porrigentem,
913 1551 945 1605 et
968 1544 1015 1607 ita
1037 1552 1086 1606 est
1108 1543 1309 1607 machinatus
1337 1546 1387 1608 uti
1400 1554 1507 1610 'vento

364 1644 639 1729 circumageretur
662 1654 693 1708 et
715 1666 842 1731 semper
864 1654 977 1709 contra
998 1644 1110 1708 flatum
1133 1646 1324 1710 consisteret
1346 1668 1508 1733 supraque

330 1764 345 1812 5
364 1746 539 1830 imaginem
562 1746 671 1810 flantis
695 1748 786 1811 venti
807 1745 949 1809 indicem
972 1748 1099 1831 virgam
1121 1756 1256 1811 teneret.
1300 1750 1410 1835 itaque
1433 1758 1509 1812 sunt
1528 1766 1560 1813 10

364 1846 522 1911 conlocati
545 1849 630 1911 inter
652 1846 798 1912 solanum
822 1856 853 1910 et
873 1857 1020 1912 austrum
1039 1847 1081 1911 ab
1103 1850 1226 1913 oriente
1246 1848 1383 1914 hiberno
1401 1871 1507 1931 eurus,

365 1951 450 2013 inter
465 1960 610 2013 austrum
633 1960 664 2013 et
684 1949 852 2014 favonium
873 1950 914 2013 ab
931 1950 1100 2014 occidente
1115 1949 1253 2015 hiberno
1268 1951 1399 2034 africus,
1423 1953 1509 2015 inter

363 2050 531 2132 favonium
559 2062 590 2116 et
612 2053 868 2139 septentrionem
896 2073 1027 2136 caurus,
1057 2074 1151 2137 quem
1179 2051 1287 2140 plures
1316 2062 1434 2117 vocant
1456 2076 1507 2118 co-

363 2176 450 2235 rum,
482 2154 567 2217 inter
589 2156 841 2240 septentrionem
864 2162 896 2217 et
913 2151 1065 2217 ¹solanum
1093 2153 1212 2240 aquilo.
1256 2154 1319 2220 hoc
1340 2154 1436 2218 modo
1458 2155 1507 2218 vi-

366 2257 461 2318 detur
484 2278 554 2319 esse
578 2278 768 2342 expressum
790 2258 839 2320 uti
861 2257 969 2343 capiat
991 2278 1140 2320 numeros
1157 2265 1189 2318 et
1203 2258 1335 2319 nomina
1350 2266 1390 2319 ct·
1398 2265 1505 2342 partes
1526 2274 1557 2321 15

363 2355 450 2420 unde
467 2357 563 2421 flatus
585 2359 665 2422 certi
681 2366 850 2421 ventorum
872 2359 1008 2443 spirent.
1053 2356 1139 2441 quod
1155 2378 1228 2418 curn
1243 2358 1289 2419 ita
1304 2356 1506 2443 exploratum
1531 2409 1535 2415 .

364 2458 538 2535 habeatur,
574 2468 610 2521 ut
637 2460 846 2522 inveniantur
879 2459 1028 2542 regiones
1057 2470 1089 2522 et
1118 2467 1206 2522 ortus
1236 2480 1347 2522 eorum
1376 2458 1423 2520 sic
1446 2458 1507 2521 erit

330 2561 634 2626 eratiocinandum.
679 2560 863 2624 conlocetur
883 2559 925 2623 ad
941 2558 1085 2623 libellam
1101 2581 1315 2623 marmoreum
1329 2560 1506 2623 amussiurn
1542 2620 1547 2627 .

362 2662 480 2725 mediis
503 2662 688 2744 moenibus,
718 2672 773 2726 aut
795 2662 884 2726 locus
907 2651 958 2726 ita‘
977 2661 1160 2747 expoliatur
1181 2661 1224 2724 ad
1245 2660 1390 2746 regulam
1414 2670 1446 2724 et
1467 2660 1506 2723 li·

364 2763 482 2828 bellam
504 2774 540 2828 ut
562 2765 740 2829 amussium
762 2786 826 2829 non
849 2763 1063 2847 desideretur,
1087 2785 1247 2851 supraque
1269 2764 1338 2828 eius
1353 2762 1416 2827 loci
1432 2784 1504 2827 cen·
1523 2780 1556 2830 20

360 2875 446 2930 trum
475 2866 618 2930 medium
645 2865 830 2931 conlocetur
857 2888 977 2930 aeneus
1005 2888 1145 2951 gnomon
1168 2866 1340 2951 indagator
1361 2866 1505 2945 umbrae,

362 2969 418 3053 qui
440 2990 555 3052 graece
578 2974 766 3052 σκιαθηρας
794 2968 924 3032 dicitur.
969 2968 1064 3032 huius
1092 2967 1348 3032 antemeridiana
1377 2968 1507 3037 circiter

360 3069 440 3133 hora
463 3072 575 3155 quinta
598 3069 755 3134 sumenda
777 3079 826 3135 est
848 3082 995 3135 extrema
1016 3072 1186 3155 gnomonis
1210 3070 1325 3133 umbra
1340 3079 1371 3133 ct
1386 3080 1506 3155 puncto

360 3172 530 3255 signanda,
554 3172 673 3235 deinde
695 3173 817 3235 circino
840 3172 974 3236 diducto
1003 3170 1045 3234 ad
1068 3180 1223 3256 punctum
1246 3169 1332 3257 quod
1355 3180 1403 3235 est
1425 3192 1503 3255 gno-

360 3274 464 3337 monis
491 3272 625 3336 umbrae
655 3272 868 3358 longitudinis
892 3275 1037 3358 signum,
1068 3295 1110 3335 ex
1133 3294 1170 3336 eo
1192 3294 1212 3333 a
1234 3280 1344 3336 centro
1367 3272 1502 3335 circum·
1522 3290 1555 3337 ‘25

359 3376 487 3460 agenda
514 3374 599 3438 linea
626 3376 875 3439 rotundationis.
925 3377 1068 3461 itemque
1096 3372 1301 3437 observanda
1332 3375 1503 3460 postmeri-

429 3570 442 3615 1
463 3566 496 3615 ab
517 3565 755 3629 septentrionibus
774 3581 820 3630 epo
842 3561 891 3630 (cf.
916 3566 984 3614 Ptin.
1003 3568 1027 3623 2,
1047 3567 1105 3615 119.
1130 3549 1320 3630 septentrione
1346 3564 1442 3626 Manl:
1468 3565 1502 3614 ab

361 3648 390 3713 (a
408 3649 451 3713 LI)
470 3649 678 3715 septentrionali
697 3649 748 3699 GH
766 3648 842 3710 (idem
859 3650 942 3699 vilium
965 3648 1013 3707 VI,
1027 3652 1050 3706 4,
1070 3648 1106 3712 2).
1124 3645 1136 3714 ll
1158 3652 1174 3700 3
1192 3654 1327 3712 cyrrestes
1348 3649 1374 3697 H
1387 3647 1501 3710 (G0Llc),

359 3739 502 3798 cyrrentes
516 3735 544 3784 G.
567 3731 579 3798 Η
598 3737 615 3783 4
634 3735 729 3782 turrim
748 3735 794 3784 6⁶:
814 3739 913 3784 turrem
931 3735 960 3783 H
972 3733 1041 3795 (hle)
1061 3741 1086 3783 et
1103 3741 1162 3783 ante
1179 3749 1248 3784 corr.
1269 3733 1371 3794 G(item
1385 3731 1466 3796 epit).
1489 3728 1500 3794 ll

359 3824 515 3884 octagonon
536 3820 563 3867 H
582 3817 613 3882 (l,
633 3823 772 3884 otagonon
790 3821 816 3868 in
833 3835 885 3871 rua.
902 3817 951 3883 Ll:
970 3823 1125 3883 octogonon
1146 3820 1167 3868 G
1185 3808 1246 3881 (eb).
1269 3814 1281 3883 ΙΙ
1303 3817 1432 3881 octagoni
1452 3817 1502 3865 GH

337 3955 342 3965 ·
359 3937 403 3999 (L,
424 3940 552 4002 octogoni
564 3940 608 4000 lc).
627 3933 639 4003 ll
660 3939 675 3986 5
695 3941 843 4001 exsceptas
861 3937 889 3995 G,
909 3937 1042 4001 excalpas
1061 3937 1088 3984 H
1105 3908 1248 4001 (ericalpas
1272 3937 1320 3993 Hc,
1344 3933 1502 3997 exsculptus

361 4022 427 4086 hle).
452 4018 463 4087 ll
486 4023 620 4071 dturrim:
640 4025 677 4070 sic
691 4022 742 4071 GH
759 4038 812 4070 eam
830 4025 891 4085 epil.
913 4018 925 4088 ll
950 4024 980 4072 13
1000 4035 1098 4071 caurus
1111 4020 1152 4067 H:
1172 4019 1291 4079 chaums
1305 4019 1326 4068 G
1339 4017 1403 4079 (Μ).
1415 4012 1428 4082 ΙΙ
1441 4016 1502 4066 cho-

358 4122 417 4156 rum
441 4104 497 4158 GH.
521 4103 533 4171 ΙΙ
558 4108 588 4156 15
606 4120 734 4155 numeros
752 4107 789 4154 L:
816 4121 943 4156 numerus
969 4106 1019 4155 GH
1038 4104 1091 4168 (Ic).
1115 4101 1127 4169 ΙΙ
1157 4105 1188 4153 18
1206 4103 1330 4152 libellam
1357 4101 1390 4149 G:
1421 4099 1500 4150 libel-

358 4225 415 4273 lum
434 4225 462 4272 H
487 4222 546 4286 (Llc
569 4231 595 4273 et
617 4225 650 4273 G0
668 4225 712 4288 qui
733 4230 815 4272 lamen
837 4226 892 4287 ipse
915 4231 1087 4273 correcturum
1108 4192 1188 4287 -qlm
1206 4235 1332 4287 -rusura
1346 4226 1440 4283 postea
1457 4222 1501 4269 de·

357 4310 436 4370 lecit).
455 4305 467 4373 ll
484 4323 663 4359 marmoream
682 4315 741 4357 ante
759 4323 828 4357 corr.
847 4309 882 4357 H.
896 4304 907 4373 ΙΙ
920 4308 1055 4357 amusium
1073 4310 1102 4357 H
1112 4305 1191 4371 (hle),
1209 4305 1366 4354 hamusium
1386 4304 1414 4354 G.
1436 4300 1447 4369 ΙΙ
1471 4307 1501 4354 19

357 4392 477 4443 moediis
501 4393 536 4442 H.
568 4389 580 4458 ll
607 4396 639 4442 20
662 4391 816 4441 hamusium
840 4392 891 4440 GH
914 4391 1060 4454 (amusium
1084 4392 1151 4456 Llc).
1177 4388 1188 4457 ΙΙ
1211 4393 1243 4440 21
1268 4402 1371 4439 aeneus
1396 4388 1418 4437 G
1440 4386 1500 4450 (le
1522 4426 1525 4429 .

358 4492 462 4529 aeneos
482 4478 510 4524 H
528 4476 584 4540 (le).
608 4474 619 4541 ΙΙ
648 4480 680 4526 22
703 4476 864 4541 σκιαθηρας
886 4477 956 4526 Joc:
981 4476 1133 4526 scrotheres
1158 4477 1215 4526 GH.
1234 4471 1246 4540 ΙΙ
1263 4479 1327 4524 ante
1351 4473 1502 4522 merrdrana

357 4557 608 4628 (antelmeridiana
628 4562 664 4626 H)
759 4560 825 4609 hora
848 4562 945 4624 quinta
965 4559 1024 4610 GH.
1048 4557 1060 4625 ΙΙ
1084 4563 1115 4610 23
1137 4563 1203 4615 (item
1220 4558 1264 4622 24)
1284 4557 1426 4622 gnomonis
1451 4557 1501 4606 GH

359 4648 401 4711 (L,
423 4646 560 4712 gnominis
579 4646 620 4709 lc).
645 4642 656 4711 ss
679 4646 712 4694 25
731 4661 764 4694 ex
783 4660 815 4694 eo
835 4646 912 4698 Prie:
934 4660 1074 4709 excoque
1094 4644 1224 4710 (queunte
1237 4661 1289 4696 ras.
1302 4641 1334 4708 G)
1355 4643 1412 4692 GH.
1434 4638 1446 4707 ΙΙ
1469 4643 1500 4689 26

358 4730 564 4780 rotundationis
581 4732 651 4783 doe:
671 4729 863 4783 rotundacioui
884 4731 911 4790 G,
931 4728 1035 4793 r&(rot·
1054 4729 1259 4794 Llc)undationi
1276 4729 1323 4779 H..
1578 4715 1582 4719 ’
