3784 5625
684 687 731 734 ou
758 676 1026 736 ARCHITECTURA
1050 688 1118 733 nra.
1143 689 1193 735 rx.
1256 666 1258 672 '
1447 677 1511 741 229

364 844 490 928 aquarii
505 863 602 927 supra
614 842 688 926 oqui
701 841 827 927 capitis.
842 842 917 927 equi
928 840 1070 925 ungulae
1081 841 1246 926 attingunt
1257 845 1383 929 aquarii
1392 867 1509 929 genua.

365 945 523 1030 Cassiope
545 942 653 1005 media
676 950 726 1006 est
748 940 910 1006 dedicata.
944 943 1124 1028 capricorni
1141 964 1239 1030 supra·
1253 946 1288 1007 in
1302 944 1510 1011 altitudinem

364 1045 474 1134 aquila
497 1055 529 1109 et
551 1042 735 1131 delphinus
773 1044 952 1108 secundum
974 1066 1029 1108 eos
1053 1054 1102 1108 est
1124 1045 1255 1129 sagitta.
1272 1063 1276 1070 ‘
1292 1047 1334 1111 ab
1350 1069 1388 1110 ea
1402 1058 1510 1112 autem

364 1147 518 1228 volucris,
542 1147 634 1209 cuius
656 1167 763 1232 penna
786 1144 903 1208 dextra
919 1144 1043 1231 Cephei
1064 1168 1195 1209 manum
1217 1148 1352 1233 attingit
1373 1159 1405 1213 et
1419 1173 1509 1238 scep-

363 1260 461 1331 trum,
485 1246 578 1311 laeva
594 1269 692 1334 supra
707 1245 884 1333 Cassiopae
907 1246 1068 1310 innititur.
1106 1248 1167 1312 sub
1189 1249 1260 1311 avis
1284 1250 1387 1314 cauda
1409 1252 1509 1338 pedes
1528 1268 1544 1316 5

330 1352 440 1438 requi
464 1360 540 1413 sunt
563 1348 713 1413 subiecti.
757 1347 835 1411 inde
858 1348 1020 1433 sagittarii
1049 1350 1228 1436 scorpionis
1252 1349 1356 1415 librae
1377 1353 1511 1441 insuper

364 1474 498 1539 serpens
536 1472 660 1516 summo
697 1458 801 1513 rostro
839 1470 991 1513 coronam
1025 1452 1141 1535 tangit.
1199 1460 1233 1515 at
1266 1474 1337 1516 eam
1369 1455 1511 1518 mediam

364 1552 547 1642 ophiuchos
570 1553 604 1615 in
626 1551 778 1615 manibus
807 1560 896 1615 tenet
923 1560 1124 1637 serpentem,
1155 1551 1247 1617 laevo
1276 1555 1359 1642 pede
1382 1555 1509 1621 calcans

363 1656 508 1719 inediam
535 1653 674 1718 frontem
703 1652 892 1739 scorpionis.
946 1673 966 1714 a
994 1662 1086 1738 parte
1113 1652 1267 1738 ophiuchi
1301 1659 1416 1745 capitis
1445 1681 1510 1724 non

364 1758 461 1841 longe
484 1755 627 1843 positum
655 1763 705 1820 est
734 1763 832 1840 caput
860 1756 929 1818 eius
958 1755 1013 1839 qui
1040 1752 1161 1819 dicitur
1186 1756 1279 1821 nisus
1302 1759 1336 1822 in
1357 1754 1508 1845 genibus.
1528 1776 1559 1824 10

365 1882 476 1925 eorum
498 1867 606 1922 autem
629 1855 792 1920 faciliores
816 1866 891 1922 sunt
914 1857 1057 1943 capitum
1079 1859 1220 1921 vertices
1247 1858 1291 1922 ad
1314 1882 1509 1946 cognoscen-

329 1962 459 2043 5dum,
488 1959 574 2046 quod
601 1982 666 2024 non
689 1958 836 2050 obscuris
860 1956 965 2021 stellis
994 1967 1070 2054 sunt
1092 1959 1295 2025 conformati.
1339 1986 1397 2050 pes
1419 1966 1509 2048 inge·

364 2063 501 2128 niculati
528 2062 571 2125 ad
600 2062 668 2125 eius
697 2058 831 2124 fulcitur
859 2060 977 2146 capitis
1006 2069 1132 2147 tempus
1155 2063 1331 2146 serpentis,
1361 2065 1413 2126 cui
1435 2074 1510 2128 sunt

363 2176 473 2230 arctoe
503 2185 560 2227 seu
583 2164 644 2249 ‘qui
672 2162 908 2249 septentriones
938 2161 1092 2225 dicuntur
1119 2160 1277 2248 inplicati.
1328 2187 1429 2250 parve
1451 2189 1510 2252 per

364 2291 419 2332 eos
443 2266 586 2331 flectitur
607 2263 792 2350 delphinus.
838 2270 951 2326 contra
979 2260 1120 2327 volucris
1151 2273 1293 2327 rostrum
1321 2274 1587 2354 estpropo·15-

364 2372 430 2434 sita
458 2369 540 2455 lyra.
591 2367 676 2429 inter
708 2385 836 2427 umeros
870 2363 1015 2428 custodis
1044 2372 1076 2428 et
1104 2364 1282 2449 geniculati
1313 2385 1431 2432 corona
1458 2380 1508 2434 est

362 2470 547 2537 ordinatas
575 2470 610 2532 in
638 2463 885 2553 septentrionali
913 2487 991 2529 vcro
1020 2464 1140 2530 circulo
1168 2465 1260 2529 duae·
1278 2470 1404 2554 positae
1432 2480 1507 2534 sunt

361 2581 474 2638 arctoe
488 2568 708 2657 *scapularum
735 2568 840 2633 dorsis
868 2568 955 2630 inter
983 2588 1017 2630 se
1045 2570 1244 2654 compositae
1267 2578 1299 2631 et
1321 2571 1507 2656 pectoribus

360 2695 513 2757 aversae,
548 2671 705 2757 equibus
735 2671 839 2734 minor
861 2684 1056 2751 κυνοσυυρα
1082 2670 1186 2733 maior
1213 2673 1306 2754 ελικη
1328 2694 1347 2735 a
1370 2671 1505 2737 Graecis

361 2773 562 2865 appellatur,
594 2793 768 2858 earumque
797 2772 903 2860 capita
929 2772 1015 2834 inter
1042 2793 1076 2834 se
1098 2770 1306 2859 dispicientia
1334 2783 1409 2839 sunt
1432 2797 1506 2839 con·
1525 2793 1558 2840 20

363 2882 490 2945 stituta.
534 2875 656 2940 caudae
684 2874 845 2961 capitibus
874 2895 984 2937 earum
1010 2874 1169 2938 adversae
1196 2884 1308 2939 contra
1330 2877 1506 2963 dispositae

363 2982 556 3067 figurantur.
600 2986 810 3063 utrarumque
833 2977 919 3040 enim
942 2968 1298 3062 superando'eminent'
1312 2978 1347 3041 in
1368 3001 1504 3044 summo.

434 3293 445 3340 1
466 3285 749 3355 aquariil-aquarii
767 3303 813 3337 om.
838 3287 859 3336 Θ
882 3284 943 3349 (nou
961 3284 1010 3349 Ε),
1034 3287 1083 3335 sed
1103 3287 1128 3334 in
1148 3301 1227 3349 marp.
1250 3289 1334 3351 suppl.
1359 3288 1401 3339 6⁶.
1426 3282 1438 3352 Η
1460 3303 1504 3336 ca-

364 3377 432 3440 pitis
465 3372 530 3437 (scil.
559 3369 728 3436 simularum)
761 3372 847 3422 ΕΘΗ.
876 3368 887 3436 Η
915 3369 1049 3434 ungulae:
1078 3371 1116 3418 sic
1143 3370 1223 3419 ΕΘΗ
1252 3367 1407 3434 (auriculae
1435 3371 1505 3424 Mar.

363 3477 418 3510 cum
443 3457 521 3520 cat).
549 3455 561 3523 Η
588 3471 690 3522 genua:
719 3457 757 3504 sic
784 3456 862 3504 ΕΘΗ
892 3453 1032 3518 (lagenam
1059 3452 1153 3518 Mar).
1181 3450 1193 3519 Η
1222 3456 1347 3519 cassiope
1373 3455 1399 3503 H
1421 3451 1504 3519 (Llc):

364 3545 445 3609 -pic
471 3543 526 3592 ΕΘ.
546 3540 558 3608 Η
576 3544 592 3591 4
610 3540 731 3590 volucris
748 3540 775 3591 lt:
795 3538 915 3589 volueris
933 3538 1012 3587 ΕΘΗ
1031 3537 1109 3600 (Mc).
1137 3536 1148 3603 Η
1177 3555 1267 3603 penna
1284 3540 1396 3591 ucoca:
1420 3540 1506 3604 pinna

364 3629 444 3678 ΕΘΗ
463 3625 532 3689 (hc).
555 3622 567 3690 Η
590 3625 687 3688 zephei
706 3623 762 3676 ΕΘ,
786 3622 797 3690 Η
820 3626 835 3674 5
854 3622 1010 3687 cassiopiac
1029 3623 1114 3676 ΕΘΗ.
1137 3618 1149 3688 Η
1172 3624 1188 3672 6
1206 3625 1324 3674 subiecti
1342 3625 1423 3675 Plu'lc
1443 3624 1506 3673 sub·

364 3713 433 3762 tecti
454 3711 537 3759 ΕΘΗ.
566 3706 577 3774 Η
606 3711 620 3758 7
642 3712 671 3756 at
694 3723 753 3757 eam
775 3708 907 3758 mediam:
936 3707 1035 3756 adeum
1057 3707 1174 3757 medium
1197 3707 1282 3757 EGH.
1310 3705 1321 3773 Η
1347 3711 1363 3757 9
1386 3725 1403 3756 a
1426 3712 1505 3772 parte

363 3814 423 3862 epo:
456 3799 562 3859 partem
587 3790 657 3858 (—tc
675 3793 744 3856 ΕΘ).
773 3789 785 3857 Η
814 3795 845 3841 10
869 3792 945 3841 nisus
969 3791 1047 3842 Part:
1075 3805 1172 3840 nessus
1198 3791 1282 3843 ΕΘΗ.
1309 3787 1321 3856 Η
1348 3792 1503 3856 ingeuibus.

365 3896 458 3932 eorum
478 3882 572 3928 autem
590 3879 667 3930 Phil:
688 3877 835 3942 ingenibus
855 3880 946 3924 autem
971 3889 1062 3924 eorum
1081 3874 1166 3923 ΕΘΗ.
1189 3869 1201 3937 Η
1226 3876 1257 3923 13
1281 3874 1315 3922 ad
1337 3874 1396 3922 eius
1419 3864 1503 3924 Mari:

364 3966 430 4015 adid
451 3964 535 4013 ΕΘΗ.
561 3961 572 4029 Η
595 3962 641 4013 cui
662 3966 726 4010 sunt
749 3964 843 4009 arctoe
866 3974 915 4008 seu
934 3959 979 4022 qui
1004 3974 1064 4021 epo:
1092 3956 1170 4005 cuius
1190 3958 1301 4005 arcturr'r
1320 3955 1424 4018 (—rum
1444 3957 1502 4014 ΕΘ)

365 4051 412 4114 qui
432 4049 517 4098 ΕΘΗ.
537 4044 549 4114 Η
574 4049 605 4097 14
623 4044 749 4110 inplicati
773 4059 830 4107 epo:
854 4047 932 4091 —tus
956 4042 1042 4095 ΕΘΗ.
1065 4037 1076 4105 Η
1104 4040 1314 4106 parve-lyra:
1342 4041 1404 4089 leaeo
1423 4055 1504 4104 supra

364 4141 423 4199 post
443 4131 525 4196 pedes
544 4133 608 4195 equi
626 4133 690 4180 sunt
708 4126 825 4176 subiecti
844 4128 950 4176 inseruit
968 4127 1037 4176 Mor.
1058 4126 1102 4187 (cf.
1116 4123 1215 4188 Selia).
1236 4121 1249 4189 Η
1271 4125 1302 4174 15
1314 4123 1436 4173 volucris
1448 4126 1502 4174 ed:

363 4218 487 4269 volueris
508 4217 583 4266 ΕΘΗ
603 4211 654 4276 (tr,
673 4211 788 4261 volvens
806 4210 857 4271 cle),
875 4211 908 4272 cf.
921 4227 943 4261 o.
963 4213 988 4262 4,
1011 4204 1023 4273 Η
1047 4211 1090 4257 cst
1109 4206 1132 4271 (c
1152 4207 1183 4269 Θ)
1204 4205 1264 4259 ΕΘ;
1283 4223 1329 4256 om.
1349 4207 1378 4255 Η
1397 4205 1476 4269 (Llc).
1489 4203 1501 4271 Η

368 4307 397 4353 16
423 4301 563 4367 genuclati
587 4299 666 4348 ΕΘΗ
692 4294 745 4356 (ch,
768 4294 860 4344 -dati
878 4297 897 4351 t,
921 4293 1025 4357 -glati
1048 4290 1092 4355 L).
1121 4288 1133 4356 Η
1161 4307 1263 4341 corona
1290 4293 1344 4342 ed:
1376 4293 1505 4340 coronata

366 4389 468 4450 (-tam
487 4384 523 4450 Ε)
541 4384 620 4435 ΕΘΗ
637 4381 749 4442 (corona
767 4380 832 4428 item
844 4377 937 4440 Man).
954 4374 966 4443 Η
984 4379 1014 4426 17
1033 4376 1159 4425 ordinata
1172 4376 1292 4425 Perrault
1311 4371 1372 4440 [s⁰]:
1395 4375 1504 4424 orinata

368 4474 393 4520 H
414 4468 498 4535 (ch),
517 4473 615 4518 ornata
637 4467 695 4519 EG.
722 4462 734 4527 ll
763 4466 794 4514 18
818 4465 911 4512 arctoe
930 4461 962 4509 Η
977 4461 1024 4522 (le,
1048 4462 1128 4508 -tae
1148 4456 1199 4522 Ε),
1218 4462 1279 4524 -tq
1303 4458 1358 4511 ΕΘ.
1381 4455 1393 4524 Η
1417 4457 1504 4508 dorsis

367 4573 458 4622 HGH⁶
476 4568 542 4633 (cle):
561 4549 677 4631 dolorsrs
697 4568 725 4616 H
743 4564 869 4628 (dolorsis
887 4560 941 4626 Εἰ).
965 4558 976 4625 Η
1001 4564 1031 4610 19
1056 4575 1191 4626 cynosura
1276 4558 1365 4609 helice
1387 4559 1472 4612 ΕΘΗ.
1488 4556 1500 4624 Η

365 4661 398 4706 20
417 4654 607 4719 dispicientia:
630 4655 667 4703 sic
685 4652 770 4702 EGH.
796 4646 807 4715 Η
829 4651 860 4699 21
885 4650 982 4697 contra
1004 4643 1065 4709 (55.
1085 4644 1116 4708 Θ)
1140 4644 1306 4710 dispositae:
1329 4647 1367 4694 cic
1389 4644 1474 4695 EGH.
1489 4643 1501 4704 Η

365 4744 397 4791 22
422 4743 595 4803 utrarumque
615 4738 743 4799 Herinpa:
763 4739 937 4798 utrorumque
956 4731 1043 4782 ΕΘΗ.
1271 4730 1284 4740 ”
