3784 5625
559 665 607 713 ns
628 664 789 713 nrvaas1s
812 665 972 743 scenicis
995 663 1333 712 Ancnrrncrourcas.
1454 646 1519 709 299

377 828 505 884 ventur.
549 827 726 907 vaporatae
754 819 840 881 enim
861 820 1011 902 regiones
1034 816 1235 881 curculiones
1259 825 1291 879 et
1313 814 1377 877 alia
1398 837 1518 899 genera

377 918 588 986 bestiolarum
610 920 759 983 nutriunt
782 942 864 1005 quae
886 919 997 1004 fruges
1014 927 1234 1005 corrumpunt.
1270 917 1386 981 horrea
1405 915 1518 980 senilia

376 1023 517 1112 pistrina
538 1031 632 1085 extra
654 1020 766 1084 villam
788 1031 863 1086 sunt
885 1021 1123 1102 constituenda,
1146 1030 1183 1085 ut
1204 1020 1247 1083 ab
1269 1020 1356 1103 ignis
1374 1017 1518 1103 periculo

378 1123 477 1189 villae
503 1124 570 1187 sint
596 1124 744 1187 tutiores.
788 1123 919 1209 siquid
948 1145 1026 1187 vero
1054 1122 1169 1187 melius
1193 1132 1225 1186 et
1246 1119 1383 1186 nitidius
1411 1117 1519 1183 facere

342 1226 532 1308 evomeris,
556 1224 705 1311 exempla
727 1225 768 1289 de
789 1225 922 1289 urbanis
944 1226 1079 1289 fabricis
1102 1247 1220 1289 sumes.

462 1316 591 1393 Urbani
623 1330 733 1414 itaque
763 1329 869 1414 operis
896 1328 1036 1420 gratiam
1062 1326 1256 1391 luminosam
1284 1347 1356 1389 esse
1382 1322 1672 1427 oportetfflffgolsgssffw

378 1431 571 1518 praesertim
593 1451 666 1493 cum
688 1428 771 1493 nulli
785 1431 887 1493 vicini
907 1430 1051 1514 parietes
1066 1429 1245 1514 inpediant.
1283 1424 1522 1513 disponendum
1536 1426 1670 1516 affairs·

380 1534 442 1596 erit
463 1540 573 1594 tamen
593 1541 685 1613 ante,
713 1540 750 1595 ut
773 1540 861 1595 certa
882 1553 1003 1615 genera
1023 1529 1246 1594 aedificiorum
1268 1527 1351 1592 caeli
1372 1528 1521 1611 regiones
1542 1562 1596 1601 vm,
1610 1564 1659 1609 Μ,

379 1643 455 1722 apte
476 1635 603 1720 possint
625 1641 782 1719 spectare.
819 1632 957 1697 hiberna
979 1654 1056 1717 ergo
1078 1630 1221 1696 triclinia
1242 1630 1415 1694 hibernum
1436 1629 1520 1691 occi-

328 1749 364 1797 10
380 1734 511 1800 dentem
532 1744 678 1822 spectare
700 1733 831 1817 debent,
854 1736 1007 1820 quoniam
1021 1734 1208 1820 vespertino
1228 1732 1350 1796 lumine
1365 1753 1446 1816 opus
1462 1739 1521 1798 est.

379 1859 455 1901 nam
481 1836 531 1901 sol
552 1836 704 1901 occidens
731 1857 796 1899 non
819 1834 924 1900 solum
950 1836 1122 1900 inluminat
1144 1835 1203 1900 sed
1225 1843 1358 1922 propter
1379 1834 1447 1895 vim
1469 1854 1521 1895 ca·
1613 1883 1617 1891 .

380 1936 458 2003 loris
492 1937 620 2025 tepidas
650 1937 731 2002 facit
767 1939 926 2022 regiones.
980 1937 1130 2003 cubicula
1163 1947 1196 2002 ct
1227 1935 1446 2001 bibliothecae
1479 1933 1521 1998 ad

381 2040 538 2104 orientem
570 2048 719 2128 spectare
751 2039 883 2104 debent.
926 2063 1005 2105 usus
1037 2042 1123 2103 enim
1157 2040 1352 2103 matutinum
1380 2034 1523 2123 postulat

381 2142 500 2206 lumen.
543 2164 620 2205 nam
642 2164 862 2229 quaecumque
884 2141 956 2206 loca
977 2141 1146 2205 meridiem
1169 2149 1317 2226 spectant
1340 2159 1450 2201 umore
1472 2138 1521 2198 vi-

328 2257 364 2306 15
380 2245 513 2326 tiantur,
536 2245 688 2328 quoniam
710 2246 802 2307 venti
822 2243 927 2306 umidi
949 2244 1110 2330 spirantes
1132 2240 1282 2304 madidos
1303 2240 1398 2302 flatus
1415 2237 1523 2302 omnia

380 2344 503 2434 pallore
526 2354 746 2430 corrumpunt.
784 2342 928 2407 triclinia
950 2364 1052 2407 verna
1075 2354 1106 2407 et
1128 2340 1329 2406 autumnalia
1351 2339 1394 2401 ad
1417 2338 1521 2402 orien-

380 2457 446 2512 tem
468 2456 615 2535 spectare
637 2444 768 2529 debent,
790 2455 827 2510 ut
848 2447 992 2530 gratiora
1014 2446 1081 2510 sint
1103 2442 1233 2531 quando
1255 2442 1305 2506 his
1327 2442 1377 2505 uti
1391 2439 1523 2505 solitum

363 2559 442 2615 est.
477 2548 604 2613 aestiva
625 2546 768 2613 triclinia
782 2546 824 2610 ad
847 2549 1102 2634 septentrionem
1118 2554 1265 2633 spectare
1281 2544 1412 2628 debent,
1436 2540 1523 2628 quod

382 2673 420 2715 ea
447 2652 538 2736 regio
566 2659 695 2737 practer
722 2658 845 2714 ceteras
873 2650 1026 2734 frigidior
1053 2658 1157 2714 estet
1185 2645 1351 2711 solstitiali
1378 2654 1523 2732 ternpore

328 2767 365 2816 20
382 2754 556 2821 iocundam
577 2752 728 2817 sanitatis
751 2752 953 2840 voluptatem
976 2750 1164 2840 corporibus
1186 2758 1340 2838 praestat.

423 2855 653 2920 Tricliniorum
681 2862 713 2917 et
741 2853 945 2918 conclavium
978 2863 1098 2941 quanta
1124 2852 1263 2918 latitudo
1291 2861 1324 2916 et
1352 2849 1526 2935 longitudo„
1553 2850 1659 2943 ΗΗὲΗξς

381 2958 481 3022 fuerit
503 2960 537 3022 in
558 2979 622 3021 uno
650 2965 835 3053 computata
856 2978 1009 3048 mensura
1015 3006 1025 3039 7
1054 2978 1096 3020 ex
1118 2978 1155 3018 ea
1177 2955 1334 3018 medietas
1356 2951 1524 3017 altitudini
1554 2953 1659 3045 &illisi

381 3060 553 3124 tribuatur.
598 3060 625 3122 si
647 3067 756 3121 antem
784 3058 925 3122 exedrae
946 3067 1004 3121 aut
1024 3059 1093 3122 oeci
1117 3056 1267 3144 quadrati
1289 3056 1428 3137 fuerint7
1457 3075 1523 3117 me·
1543 3090 1599 3130 vm,
1613 3093 1632 3140 6,
1647 3091 1666 3128 4,

383 3159 439 3224 dia
466 3183 541 3247 pars
563 3181 734 3223 mensurae
755 3161 790 3222 in
812 3159 1020 3224 altitudinem
1041 3168 1194 3225 struatur.
1238 3156 1470 3244 pinacothecae
1493 3165 1525 3220 et

330 3273 365 3323 25
382 3261 616 3351 plumariorum
648 3262 798 3327 officinae
830 3265 865 3327 in
889 3270 982 3348 parte
1014 3258 1273 3349 septentrionali
1293 3267 1370 3324 sunt
1403 3258 1523 3322 consti-

382 3363 538 3444 tuendae,
566 3374 602 3428 ut
624 3364 747 3430 colores
774 3375 808 3429 et
827 3386 991 3453 purpurae
1018 3367 1089 3428 sinc
1110 3363 1191 3427 vitio
1219 3370 1436 3425 reserventur.
1484 3358 1525 3421 de

383 3466 549 3548 vaporatis
574 3467 659 3528 enim
681 3467 868 3550 regionibus
892 3465 1094 3554 corruptelae
1115 3474 1303 3530 nascuntur.

470 3561 601 3626 Balneis
635 3565 724 3630 locus
755 3567 924 3650 eligendus
954 3579 1005 3632 est
1033 3579 1145 3632 contra
1176 3590 1327 3632 occasum
1349 3566 1522 3630 hibernum
1554 3566 1612 3607 XV1·
1630 3567 1660 3606 ⁰⁰

1540 3619 1621 3659 fabrica
1633 3618 1676 3658 hat

384 3670 441 3724 aut
468 3669 594 3747 partem
620 3665 847 3750 meridianam,
875 3678 913 3732 ut
935 3669 1002 3732 sole
1026 3670 1204 3739 decedente
1225 3677 1401 3756 vaporetur
1422 3688 1526 3752 usque
1560 3683 1656 3710 ”””””””

1539 3756 1594 3794 Vilr.
1612 3757 1636 3802 5,
1653 3757 1678 3795 10

1540 3804 1600 3856 [Pell.
1607 3808 1626 3854 1,
1636 3806 1677 3855 40).

452 3872 468 3919 4
487 3873 526 3918 et:
549 3871 587 3918 sic
605 3867 649 3933 (dr)
668 3886 725 3934 vpy.
748 3867 761 3935 Η
788 3872 942 3922 bvolueris
959 3890 1004 3940 op:
1029 3874 1105 3924 voles
1122 3890 1147 3937 9.
1168 3871 1180 3939 Η
1202 3875 1218 3922 6
1237 3876 1346 3938 oportet
1363 3888 1409 3924 om.
1429 3889 1451 3920 o.
1475 3868 1487 3934 Η
1510 3873 1525 3920 9

384 3955 507 4005 triclinia
524 3969 566 4019 vy:
586 3970 633 4003 om.
649 3971 679 4018 p.
698 3952 711 4020 Η
735 3957 765 4005 11
785 3959 898 4021 propter
914 3961 969 4007 vim
989 3955 1049 4022 (pro
1067 3954 1165 4014 vi‘ed.)
1185 3958 1298 4006 caloris:
1318 3955 1434 4020 proximi
1452 3954 1525 4003 calo·

385 4040 422 4088 ris
439 4057 471 4105 ap
490 4046 514 4089 et
531 4049 561 4102 9⁶
583 4037 651 4100 (nom
668 4041 678 4089 i
697 4040 797 4091 caloris
820 4044 845 4090 in
863 4058 916 4092 ras.
928 4040 979 4106 με).
1003 4038 1015 4106 Η
1039 4044 1071 4091 13
1088 4056 1179 4091 ususr
1193 4039 1288 4105 (qcpclz
1306 4040 1383 4089 visus
1396 4044 1455 4088 ante
1472 4054 1526 4088 ras.

384 4141 400 4188 9
419 4131 486 4188 etp.
510 4121 521 4189 Η
544 4124 667 4188 postolat
683 4142 710 4190 p.
727 4121 739 4192 Η
757 4127 788 4174 14
806 4125 948 4176 meridiem
966 4143 1012 4190 epo
1031 4126 1076 4189 (cf.
1095 4126 1166 4175 Mar.
1181 4126 1250 4175 adli.
1264 4125 1307 4190 l.):
1328 4123 1430 4187 frigida
1441 4139 1499 4187 opp.
1513 4119 1524 4186 Η

386 4212 513 4274 spectant
530 4207 643 4258 humore
661 4210 794 4260 vitiantur
812 4212 867 4260 Pol.
887 4209 932 4273 (ea
956 4211 1014 4260 Vnt.
1033 4208 1074 4275 2):
1094 4214 1256 4275 spectantur
1273 4223 1394 4258 umorem
1411 4205 1487 4271 (—rd
1498 4206 1525 4271 9)

385 4292 532 4342 videantur
550 4309 607 4357 vpy.
633 4289 645 4360 Η
667 4297 699 4344 15
721 4296 802 4345 flatos
820 4313 842 4346 υ,
864 4291 877 4361 Η
900 4297 932 4344 16
951 4302 979 4346 et
1000 4311 1047 4346 om.
1070 4312 1120 4360 opp
1143 4292 1215 4358 (add.
1238 4292 1300 4358 ert).
1323 4290 1335 4358 Η
1364 4294 1394 4341 17
1417 4290 1526 4355 quando

387 4377 468 4428 Man:
496 4375 567 4441 quod
586 4377 635 4440 (qd
650 4378 696 4444 pq)
720 4397 779 4445 opp.
803 4377 815 4445 Η
838 4380 880 4428 his
898 4398 942 4444 op:
967 4381 1011 4431 bis
1028 4396 1053 4444 a.
1077 4377 1090 4446 Η
1113 4383 1144 4430 19
1164 4384 1273 4430 ceteras
1290 4380 1346 4431 ed:
1373 4377 1487 4426 cadreris
1504 4393 1525 4432 o,

387 4466 479 4511 cetera
494 4478 539 4525 pp.
562 4458 574 4526 Η
596 4465 629 4514 ‘20
646 4464 792 4514 iocundam
809 4480 865 4528 opp.
888 4460 900 4531 Η
922 4468 955 4514 22
974 4481 1085 4529 unovp:
1104 4480 1159 4515 una
1175 4482 1201 4530 9.
1224 4461 1236 4532 Η
1260 4466 1380 4527 conputa
1397 4460 1455 4525 (sic)
1474 4480 1496 4511 o.
1513 4459 1524 4526 Η

386 4547 419 4594 23
437 4545 598 4610 exedrerro,
617 4549 742 4598 exaedrae
760 4566 782 4598 a.
803 4546 814 4614 Η
838 4553 885 4598 ant
904 4550 966 4598 oeci
983 4551 1040 4600 Pol.
1059 4547 1107 4613 (ex
1128 4549 1223 4614 Vitr.):
1243 4553 1292 4598 aut
1309 4549 1366 4612 tyci
1381 4562 1425 4611 pq,
1445 4547 1528 4611 auyci

385 4645 407 4677 v.
430 4625 442 4694 Η
465 4631 498 4677 94
515 4634 656 4681 struantur
673 4640 733 4683 ante
751 4650 818 4683 corr.
835 4650 862 4697 p.
886 4630 898 4698 Η
921 4636 955 4684 28
973 4638 1016 4682 est
1031 4650 1060 4698 9:
1084 4649 1131 4686 om.
1150 4651 1191 4698 op.
1213 4629 1226 4699 Η
1248 4636 1282 4683 29
1300 4632 1359 4684 sole
1378 4631 1526 4686 decedente

386 4729 430 4779 op:
450 4713 596 4769 decidente
615 4717 673 4769 sole
689 4734 716 4782 q.
741 4714 752 4782 Η
775 4722 923 4783 vaporetur
938 4735 988 4784 opp
1007 4719 1065 4784 (sed
1079 4728 1110 4788 90
1127 4717 1278 4784 vaporem).
