3784 5625
692 667 739 712 nn
762 666 1028 714 sacmrncruns
1051 668 1120 713 nm.
1144 668 1176 713 v.
1445 645 1514 717 120

364 839 453 881 mum
476 817 644 902 eligendus
667 816 757 881 locus
787 827 836 881 est
858 840 957 903 quarn
979 817 1213 899 calidissimus,
1241 819 1275 881 id
1300 828 1349 882 est
1370 841 1504 882 aversus

363 919 405 983 ab
428 920 647 1006 septentrione
670 928 702 981 et
724 918 884 1004 aquilone.
928 921 1001 1005 ipsa
1022 929 1131 983 autern
1159 918 1302 982 caldaria
1328 919 1504 1007 tepidaria-

364 1041 426 1105 que
448 1018 558 1082 lumen
585 1020 728 1083 habeant
755 1020 797 1084 ab
826 1020 994 1083 occidente
1023 1020 1175 1102 hiberno,
1204 1021 1238 1111 si
1254 1030 1363 1084 autem
1388 1031 1506 1085 natura

363 1112 426 1183 loci
454 1119 645 1206 inpedierit,
677 1123 790 1207 utique
812 1144 832 1184 a
854 1122 1006 1202 meridie,
1035 1121 1122 1207 quod
1144 1122 1286 1185 maxime
1307 1130 1436 1208 tempus
1459 1122 1504 1185 la-

362 1221 464 1284 vandi
492 1244 512 1283 a
538 1222 719 1286 meridiano
747 1223 789 1285 ad
816 1244 989 1308 vesperum
1019 1232 1068 1286 est
1096 1224 1319 1287 constitutum.
1369 1232 1401 1286 et
1427 1225 1539 1288 iterna

363 1331 412 1385 est
439 1322 767 1387 animadvertendum
793 1324 842 1387 uti
874 1322 1018 1387 caldaria
1045 1323 1218 1390 muliebria
1245 1332 1277 1386 et
1299 1323 1408 1388 virilia
1430 1345 1504 1388 con·

363 1424 474 1486 iuncta
498 1433 531 1487 et
553 1425 586 1487 in
609 1426 714 1506 isdem
736 1424 925 1508 regionibus
948 1425 1015 1488 sint
1036 1425 1213 1489 conlocata.
1258 1426 1306 1487 sie
1328 1426 1413 1488 enim
1436 1426 1505 1491 effi-

363 1525 468 1587 cietur
490 1534 526 1587 ut
548 1525 583 1588 in
606 1527 734 1589 vasaria
757 1534 789 1588 et
811 1525 1006 1611 hypocausis
1030 1527 1208 1590 eommunis
1223 1526 1267 1589 sit
1282 1548 1392 1612 eorum
1407 1528 1505 1589 utris-

363 1648 437 1711 que.
484 1648 584 1689 aenea
612 1649 710 1713 supra
732 1626 944 1713 hypocausim
966 1629 1030 1690 tria
1052 1638 1128 1690 sunt
1150 1626 1381 1713 componenda,
1404 1610 1504 1689 unum

363 1726 556 1808 caldarium,
587 1727 725 1791 alterum
747 1727 961 1813 tepidarium,
995 1730 1130 1792 tertium
1151 1728 1376 1813 frigidarium,
1405 1737 1437 1791 et
1459 1730 1556 1793 italo

362 1826 562 1891 conlocanda
594 1830 643 1892 uti
672 1850 714 1891 ex
742 1830 901 1915 tepidario
927 1830 969 1892 'in
997 1830 1175 1893 caldarium
1202 1814 1371 1916 'quantum
1403 1851 1506 1915 aquae

363 1928 476 1993 caldae
499 1930 627 2010 exierit,
650 1929 766 1993 influat
789 1930 830 1994 de
851 1930 1024 2013 frigidario
1044 1933 1079 1994 in
1093 1931 1290 2016 tepidarium
1308 1932 1351 1995 ad
1367 1930 1505 1995 eundem

363 2029 511 2112 modum,
549 2030 793 2116 testudinesque
825 2031 1025 2097 alveolorum
1059 2054 1101 2096 ex
1134 2033 1296 2095 communi
1327 2032 1506 2118 hypocausi

329 2131 586 2194 acalfaciantur.
631 2154 845 2219 suspensurae
869 2133 1086 2197 caldariorum
1113 2135 1161 2197 ita
1182 2141 1257 2196 sunt
1278 2133 1448 2196 faciendae
1469 2141 1506 2196 'ut

363 2222 504 2320 primum
531 2233 811 2319 sesquipedalibus
840 2234 959 2317 tegulis
988 2235 1092 2299 solum
1125 2243 1287 2297 sternatur
1314 2232 1504 2297 inclinatum
1524 2249 1557 2297 15

362 2335 404 2396 ad
427 2335 657 2421 hypocausim,
690 2336 739 2398 uti
761 2334 829 2421 pila
856 2356 929 2397 cum
957 2337 1105 2399 mittatur
1130 2357 1195 2399 non
1223 2334 1327 2420 possit
1348 2335 1433 2397 intro
1456 2355 1506 2396 re-

364 2437 479 2499 sistere
507 2434 565 2498 sed
594 2434 845 2498 rursusredeat
871 2435 914 2498 ad
941 2431 1165 2521 praefurnium
1192 2436 1265 2521 ipsa
1290 2455 1349 2519 per
1371 2456 1416 2497 se.
1460 2436 1507 2498 ita

363 2537 494 2600 flamma
515 2535 643 2600 facilius
666 2537 900 2623 pervagabitur
925 2537 987 2601 sub
1010 2540 1232 2623 suspensione.
1276 2557 1438 2621 supraque
1459 2535 1504 2597 la-

363 2639 497 2701 terculis
519 2636 702 2702 bessahbus
726 2637 811 2723 pilae
831 2646 999 2702 struantur
1014 2640 1060 2701 ita
1075 2638 1253 2724 dispositae
1273 2639 1323 2701 uti
1337 2634 1505 2722 bipedales

363 2737 494 2824 tegulae
527 2740 654 2825 possint
685 2761 784 2826 supra
818 2761 888 2802 esse
921 2739 1116 2804 conlocatae.
1164 2737 1371 2803 altitudinem
1396 2747 1556 2802 automno

363 2840 450 2927 pilae
472 2840 613 2904 habeant
635 2841 734 2928 pedes
758 2842 821 2905 duo
845 2862 966 2928 eaeque
988 2852 1156 2906 struantur
1169 2841 1286 2926 argilla
1300 2840 1505 2930 cumpcapillo

364 2942 516 3025 subacta,
544 2964 706 3028 supraque
729 2942 936 3008 conlocentur
962 2928 1093 3028 tegulae
1114 2941 1281 3030 bipedales
1304 2964 1386 3028 quae
1408 2942 1505 3005 susti·

331 3054 463 3108 aneant
495 3045 728 3129 pavimentum.
779 3047 1072 3109 concamerationes
1105 3068 1184 3108 vero
1215 3046 1244 3108 si
1273 3066 1316 3106 ex
1343 3052 1506 3107 structura

364 3146 470 3209 factae
493 3144 626 3228 fuerint,
650 3155 743 3209 erunt
765 3145 926 3228 utiliores,
950 3148 1002 3210 sin
1023 3156 1132 3210 autem
1154 3146 1413 3228 contignationes
1435 3143 1504 3207 fue-

364 3248 429 3310 rint
437 3282 461 3328 ,1
475 3246 624 3329 figlinum
652 3269 731 3332 opus
762 3246 956 3329 subiciatur,
986 3247 1044 3311 sed
1065 3248 1127 3312 hoc
1154 3249 1201 3310 ita
1223 3247 1285 3309 erit
1306 3244 1556 3308 faciendumst
1663 3250 1666 3253 ’

364 3347 495 3432 regulae
516 3348 642 3411 ferreae
663 3358 719 3412 aut
741 3370 835 3412 arcus
857 3349 936 3412 fiant
959 3370 1079 3435 eaeque
1099 3349 1226 3412 uncinis
1243 3347 1357 3410 ferreis
1371 3346 1415 3409 ad
1429 3368 1503 3409 con-

365 3488 593 3496 ——-——-——

432 3556 448 3607 2
468 3553 700 3622 adseptemtrione
718 3556 751 3612 G,
775 3555 810 3604 ab
835 3556 1029 3618 septemtrione
1047 3556 1077 3604 H
1099 3555 1138 3621 (c,
1162 3555 1197 3604 ab
1220 3555 1410 3625 septentrione
1433 3554 1469 3612 L,
1488 3568 1505 3602 a

365 3654 552 3720 septentrione
576 3654 604 3717 1).
633 3651 644 3721 l]
672 3656 826 3720 anuilone
856 3656 884 3706 G.
912 3654 923 3722 11
949 3660 964 3707 3
986 3657 1010 3706 si
1034 3661 1139 3707 autem:
1168 3658 1206 3707 sic
1229 3657 1289 3710 GH.
1316 3652 1327 3722 ΙΙ
1352 3658 1368 3706 3
1389 3643 1506 3724 licendi

367 3742 409 3790 G‘.
433 3735 446 3806 l(
467 3741 483 3788 6
502 3739 628 3788 caldaria
648 3739 669 3788 G
688 3737 744 3803 (10):
773 3740 896 3790 calearia
913 3742 942 3789 H
966 3739 1016 3804 (Le
1033 3748 1060 3790 et
1076 3747 1136 3789 ante
1154 3757 1222 3792 corr.
1240 3738 1270 3804 l).
1298 3737 1310 3805 l(
1336 3741 1399 3790 8et
1421 3725 1505 3802 hypo-

366 3825 460 3874 causis
479 3822 602 3885 (-cusis
620 3831 679 3872 ante
697 3840 765 3874 corr.
785 3823 817 3888 G)
836 3825 896 3874 GH.
920 3821 931 3890 (l
955 3827 970 3874 9
989 3821 1089 3874 aenea:
1113 3827 1151 3873 sic
1170 3825 1220 3873 GH
1244 3822 1291 3885 (L,
1310 3838 1380 3872 enea
1398 3810 1506 3887 tenea

364 3923 387 3965 c,
405 3923 475 3974 enea
492 3907 529 3972 b).
551 3906 564 3974 ΙΙ
588 3908 779 3972 hypocausim:
806 3913 843 3959 sie
867 3908 920 3958 GH
941 3909 1021 3972 (Llc).
1044 3905 1056 3975 ΙΙ
1084 3910 1115 3956 12
1134 3907 1214 3957 calde
1234 3907 1270 3969 G,
1293 3906 1389 3956 caldae
1410 3906 1440 3954 H
1461 3903 1505 3967 (L,

366 3992 476 4042 calidae
494 3992 537 4056 lc).
561 3989 573 4057 (l
598 3995 629 4042 13
648 3991 830 4055 alveoleorum
848 4001 908 4042 ante
925 4009 980 4045 ras.
1000 3994 1033 4042 G⁶
1051 3991 1203 4054 (alveorum
1220 3997 1280 4039 ante
1298 4006 1367 4039 corr.
1386 3989 1420 4052 c).
1440 3985 1453 4051 ΙΙ
1474 3990 1507 4036 14

312 4102 317 4110 ·
366 4076 553 4127 calfacientur
572 4084 631 4125 ante
649 4093 717 4125 corr.
736 4079 764 4126 H
783 4076 917 4140 (-aentur
936 4077 1020 4125 H⁶=
1032 4075 1220 4126 calfacientur
1238 4075 1320 4129 GLlc.
1339 4071 1506 4122 calefacien-

364 4165 409 4209 tur
429 4161 483 4224 6⁶).
508 4157 520 4226 (l
544 4162 575 4209 15
593 4160 850 4224 resquipedalibus
869 4169 927 4210 ante
950 4176 1018 4210 corr.
1040 4161 1069 4212 G.
1094 4157 1106 4224 ΙΙ
1135 4162 1166 4209 17
1183 4157 1334 4223 pirurnium
1352 4160 1412 4204 ante
1434 4170 1503 4204 corr.

365 4280 394 4331 G.
416 4273 429 4343 l(
455 4279 486 4328 18
503 4238 672 4343 pervagdiur
689 4280 738 4327 Hc,
765 4274 778 4342 ΙΙ
806 4281 838 4327 19
860 4276 1002 4326 besalibus
1027 4277 1079 4326 GH
1096 4273 1166 4337 (Llc)
1189 4281 1216 4323 et
1236 4275 1298 4338 epit.
1320 4269 1332 4338 ΙΙ
1355 4274 1389 4322 20
1410 4271 1505 4337 tegulq

363 4378 410 4412 om.
432 4362 454 4411 G
473 4362 551 4425 (inter
572 4364 615 4412 lin.
637 4365 722 4428 crcppl.
746 4360 837 4424 corr).
865 4357 877 4420 ΙΙ
905 4361 1078 4410 altitudinem
1100 4360 1129 4407 H
1148 4358 1225 4422 (ene
1246 4357 1318 4419 Llc):
1337 4371 1421 4407 -nes
1440 4356 1470 4406 G.
1490 4352 1502 4422 ΙΙ

364 4449 395 4495 21
416 4446 483 4494 duo:
499 4447 563 4508 fort.
581 4462 649 4499 corr.
669 4447 736 4496 duos
754 4448 772 4495 i.
782 4462 804 4494 c.
819 4444 870 4494 duo
883 4460 896 4493 s
910 4442 1024 4507 (semis),
1042 4450 1069 4492 ut
1081 4445 1108 4492 in
1119 4446 1180 4506 epit.
1198 4439 1210 4508 l(
1227 4457 1333 4506 eaeque
1352 4438 1504 4505 (eaelquae

366 4529 404 4594 H)
425 4531 476 4580 GH
493 4529 592 4597 (licque
611 4532 674 4594 Lclr,
693 4531 791 4592 hacquq
810 4528 839 4591 1).
865 4525 877 4593 ΙΙ
896 4530 930 4591 23
950 4528 1206 4577 concamarationes
1225 4528 1275 4576 GH
1292 4523 1339 4589 (lc,
1363 4540 1506 4574 concame-

364 4615 487 4665 rationes
507 4617 550 4678 L).
572 4611 586 4680 (l
608 4617 641 4665 25
659 4614 781 4678 figlinum
801 4614 850 4661 GH
870 4609 915 4675 (L,
934 4611 1063 4676 siglinnm
1082 4611 1126 4674 lc).
1144 4608 1156 4677 ΙΙ
1174 4613 1207 4660 26
1225 4610 1320 4676 regule
1333 4611 1420 4675 ferree
1440 4608 1506 4671 (fer-

365 4715 411 4765 ree
426 4697 469 4764 Gc)
483 4700 515 4748 G:
535 4699 632 4763 regula
645 4700 753 4748 ferreae
767 4699 794 4746 H
807 4695 914 4760 (regula
927 4696 1017 4747 ferrea
1029 4699 1059 4753 lc,
1079 4696 1182 4761 regulae
1200 4696 1307 4745 ferreae
1320 4696 1363 4758 L).
1376 4692 1388 4760 ΙΙ
1401 4710 1505 4760 eaeque

1447 4870 1543 5021 ὓ
