<?xml version="1.0" encoding="UTF-8"?>
<!DOCTYPE html PUBLIC "-//W3C//DTD XHTML 1.0 Transitional//EN"
    "http://www.w3.org/TR/xhtml1/DTD/xhtml1-transitional.dtd">
<html xmlns="http://www.w3.org/1999/xhtml" xml:lang="en" lang="en">
 <head>
  <title>
</title>
<meta http-equiv="Content-Type" content="text/html;charset=utf-8" />
  <meta name='ocr-system' content='tesseract 3.04.00' />
  <meta name='ocr-capabilities' content='ocr_page ocr_carea ocr_par ocr_line ocrx_word'/>
</head>
<body>
  <div class='ocr_page' id='page_1' title='image "./vitruviidearchi01strgoog_0196.png"; bbox 0 0 3784 5625; ppageno 0'>
   <div class='ocr_carea' id='block_1_1' title="bbox 386 664 1032 731">
    <p class='ocr_par' dir='ltr' id='par_1_1' title="bbox 386 664 1032 731">
     <span class='ocr_line' id='line_1_1' title="bbox 386 664 1032 731; baseline -0.006 -1"><span class='ocrx_word' id='word_1_1' title='bbox 386 664 446 731; x_wconf 80' lang='grc'><strong>178</strong></span> <span class='ocrx_word' id='word_1_2' title='bbox 875 677 1032 727; x_wconf 82' lang='lat' dir='ltr'><strong>vrrsuvn</strong></span> 
     </span>
    </p>
   </div>
   <div class='ocr_carea' id='block_1_2' title="bbox 293 832 1581 3364">
    <p class='ocr_par' dir='ltr' id='par_1_2' title="bbox 293 832 1581 3364">
     <span class='ocr_line' id='line_1_2' title="bbox 384 832 1528 921; baseline -0.002 -22"><span class='ocrx_word' id='word_1_3' title='bbox 384 838 419 899; x_wconf 90' lang='lat' dir='ltr'><strong>in</strong></span> <span class='ocrx_word' id='word_1_4' title='bbox 441 844 533 899; x_wconf 85' lang='lat' dir='ltr'><strong>veste</strong></span> <span class='ocrx_word' id='word_1_5' title='bbox 561 833 724 899; x_wconf 85' lang='lat' dir='ltr'><strong>intextum</strong></span> <span class='ocrx_word' id='word_1_6' title='bbox 752 842 802 897; x_wconf 88' lang='lat' dir='ltr'><strong>est</strong></span> <span class='ocrx_word' id='word_1_7' title='bbox 828 853 942 897; x_wconf 88' lang='lat' dir='ltr'><strong>aurum</strong></span> <span class='ocrx_word' id='word_1_8' title='bbox 972 855 1074 918; x_wconf 88' lang='lat' dir='ltr'><strong>eaque</strong></span> <span class='ocrx_word' id='word_1_9' title='bbox 1095 832 1206 896; x_wconf 57' lang='lat' dir='ltr'><strong>vestis*</strong></span> <span class='ocrx_word' id='word_1_10' title='bbox 1228 832 1368 897; x_wconf 89' lang='lat' dir='ltr'><strong>contrita</strong></span> <span class='ocrx_word' id='word_1_11' title='bbox 1395 843 1528 921; x_wconf 89' lang='lat' dir='ltr'><strong>propter</strong></span> 
     </span>
     <span class='ocr_line' id='line_1_3' title="bbox 384 934 1527 1021; baseline 0 -22"><span class='ocrx_word' id='word_1_12' title='bbox 384 944 581 1002; x_wconf 85' lang='lat' dir='ltr'><strong>vetustatem</strong></span> <span class='ocrx_word' id='word_1_13' title='bbox 603 959 698 1001; x_wconf 88' lang='lat' dir='ltr'><strong>usum</strong></span> <span class='ocrx_word' id='word_1_14' title='bbox 719 958 785 1001; x_wconf 91' lang='lat' dir='ltr'><strong>non</strong></span> <span class='ocrx_word' id='word_1_15' title='bbox 812 935 932 999; x_wconf 88' lang='lat' dir='ltr'><strong>habeat</strong></span> <span class='ocrx_word' id='word_1_16' title='bbox 959 934 1148 1016; x_wconf 82' lang='lat' dir='ltr'><strong>honestum,</strong></span> <span class='ocrx_word' id='word_1_17' title='bbox 1178 935 1280 1021; x_wconf 87' lang='lat' dir='ltr'><strong>panni</strong></span> <span class='ocrx_word' id='word_1_18' title='bbox 1307 936 1343 998; x_wconf 90' lang='lat' dir='ltr'><strong>in</strong></span> <span class='ocrx_word' id='word_1_19' title='bbox 1370 934 1527 999; x_wconf 82' lang='lat' dir='ltr'><strong>fictilibus</strong></span> 
     </span>
     <span class='ocr_line' id='line_1_4' title="bbox 384 1037 1528 1125; baseline -0.002 -24"><span class='ocrx_word' id='word_1_20' title='bbox 384 1039 473 1103; x_wconf 85' lang='lat' dir='ltr'><strong>vasis</strong></span> <span class='ocrx_word' id='word_1_21' title='bbox 502 1039 636 1125; x_wconf 82' lang='lat' dir='ltr'><strong>inpositi</strong></span> <span class='ocrx_word' id='word_1_22' title='bbox 666 1060 763 1124; x_wconf 87' lang='lat' dir='ltr'><strong>supra</strong></span> <span class='ocrx_word' id='word_1_23' title='bbox 791 1038 901 1123; x_wconf 85' lang='lat' dir='ltr'><strong>ignem</strong></span> <span class='ocrx_word' id='word_1_24' title='bbox 930 1037 1175 1101; x_wconf 88' lang='lat' dir='ltr'><strong>comburuntur.</strong></span> <span class='ocrx_word' id='word_1_25' title='bbox 1224 1038 1253 1099; x_wconf 86' lang='lat' dir='ltr'><strong>is</strong></span> <span class='ocrx_word' id='word_1_26' title='bbox 1280 1037 1361 1099; x_wconf 88' lang='lat' dir='ltr'><strong>cinis</strong></span> <span class='ocrx_word' id='word_1_27' title='bbox 1392 1038 1528 1101; x_wconf 74' lang='lat' dir='ltr'><strong>coicitur</strong></span> 
     </span>
     <span class='ocr_line' id='line_1_5' title="bbox 293 1137 1527 1226; baseline -0.001 -22"><span class='ocrx_word' id='word_1_28' title='bbox 293 1184 296 1189; x_wconf 92' lang='lat'><em>-</em></span> <span class='ocrx_word' id='word_1_29' title='bbox 382 1142 417 1204; x_wconf 91' lang='lat' dir='ltr'><strong>in</strong></span> <span class='ocrx_word' id='word_1_30' title='bbox 439 1162 574 1226; x_wconf 82' lang='lat' dir='ltr'><strong>aquam,</strong></span> <span class='ocrx_word' id='word_1_31' title='bbox 598 1149 630 1204; x_wconf 91' lang='lat' dir='ltr'><strong>et</strong></span> <span class='ocrx_word' id='word_1_32' title='bbox 650 1140 784 1205; x_wconf 85' lang='lat' dir='ltr'><strong>additur</strong></span> <span class='ocrx_word' id='word_1_33' title='bbox 807 1160 844 1203; x_wconf 92' lang='lat' dir='ltr'><strong>eo</strong></span> <span class='ocrx_word' id='word_1_34' title='bbox 866 1148 1038 1223; x_wconf 82' lang='lat' dir='ltr'><strong>argentum</strong></span> <span class='ocrx_word' id='word_1_35' title='bbox 1060 1138 1185 1201; x_wconf 85' lang='lat' dir='ltr'><strong>vivum.</strong></span> <span class='ocrx_word' id='word_1_36' title='bbox 1229 1137 1264 1201; x_wconf 93' lang='lat' dir='ltr'><strong>id</strong></span> <span class='ocrx_word' id='word_1_37' title='bbox 1285 1147 1395 1203; x_wconf 88' lang='lat' dir='ltr'><strong>autem</strong></span> <span class='ocrx_word' id='word_1_38' title='bbox 1417 1161 1527 1203; x_wconf 89' lang='lat' dir='ltr'><strong>omnes</strong></span> 
     </span>
     <span class='ocr_line' id='line_1_6' title="bbox 350 1240 1528 1328; baseline 0 -23"><span class='ocrx_word' id='word_1_39' title='bbox 350 1243 484 1306; x_wconf 74' lang='lat' dir='ltr'><strong>amicas</strong></span> <span class='ocrx_word' id='word_1_40' title='bbox 507 1244 579 1305; x_wconf 87' lang='lat' dir='ltr'><strong>auri</strong></span> <span class='ocrx_word' id='word_1_41' title='bbox 602 1243 735 1328; x_wconf 80' lang='lat' dir='ltr'><strong>corripit</strong></span> <span class='ocrx_word' id='word_1_42' title='bbox 756 1243 843 1304; x_wconf 90' lang='lat' dir='ltr'><strong>inse</strong></span> <span class='ocrx_word' id='word_1_43' title='bbox 865 1249 897 1303; x_wconf 92' lang='lat' dir='ltr'><strong>et</strong></span> <span class='ocrx_word' id='word_1_44' title='bbox 919 1242 1009 1326; x_wconf 83' lang='lat' dir='ltr'><strong>cogit</strong></span> <span class='ocrx_word' id='word_1_45' title='bbox 1031 1260 1142 1303; x_wconf 92' lang='lat' dir='ltr'><strong>secum</strong></span> <span class='ocrx_word' id='word_1_46' title='bbox 1164 1241 1261 1304; x_wconf 88' lang='lat' dir='ltr'><strong>coire.</strong></span> <span class='ocrx_word' id='word_1_47' title='bbox 1305 1261 1390 1325; x_wconf 85' lang='lat' dir='ltr'><strong>aqna</strong></span> <span class='ocrx_word' id='word_1_48' title='bbox 1412 1240 1528 1305; x_wconf 82' lang='lat' dir='ltr'><strong>defusa</strong></span> 
     </span>
     <span class='ocr_line' id='line_1_7' title="bbox 383 1339 1527 1435; baseline 0 -28"><span class='ocrx_word' id='word_1_49' title='bbox 383 1366 457 1408; x_wconf 90' lang='lat' dir='ltr'><strong>cum</strong></span> <span class='ocrx_word' id='word_1_50' title='bbox 472 1344 506 1407; x_wconf 92' lang='lat' dir='ltr'><strong>id</strong></span> <span class='ocrx_word' id='word_1_51' title='bbox 522 1345 558 1407; x_wconf 92' lang='lat' dir='ltr'><strong>in</strong></span> <span class='ocrx_word' id='word_1_52' title='bbox 580 1364 723 1435; x_wconf 77' lang='lat' dir='ltr'><strong>pannum</strong></span> <span class='ocrx_word' id='word_1_53' title='bbox 738 1339 922 1406; x_wconf 76' lang='lat' dir='ltr'><strong>infunditur</strong></span> <span class='ocrx_word' id='word_1_54' title='bbox 938 1350 970 1405; x_wconf 92' lang='lat' dir='ltr'><strong>et</strong></span> <span class='ocrx_word' id='word_1_55' title='bbox 985 1340 1033 1405; x_wconf 94' lang='lat' dir='ltr'><strong>ibi</strong></span> <span class='ocrx_word' id='word_1_56' title='bbox 1047 1340 1198 1405; x_wconf 86' lang='lat' dir='ltr'><strong>manibus</strong></span> <span class='ocrx_word' id='word_1_57' title='bbox 1221 1343 1391 1428; x_wconf 83' lang='lat' dir='ltr'><strong>premitur,</strong></span> <span class='ocrx_word' id='word_1_58' title='bbox 1414 1364 1527 1428; x_wconf 86' lang='lat' dir='ltr'><strong>argen-</strong></span> 
     </span>
     <span class='ocr_line' id='line_1_8' title="bbox 382 1442 1526 1532; baseline 0 -22"><span class='ocrx_word' id='word_1_59' title='bbox 382 1455 451 1510; x_wconf 93' lang='lat' dir='ltr'><strong>tum</strong></span> <span class='ocrx_word' id='word_1_60' title='bbox 466 1467 525 1532; x_wconf 89' lang='lat' dir='ltr'><strong>per</strong></span> <span class='ocrx_word' id='word_1_61' title='bbox 540 1446 641 1531; x_wconf 89' lang='lat' dir='ltr'><strong>panni</strong></span> <span class='ocrx_word' id='word_1_62' title='bbox 655 1445 804 1509; x_wconf 85' lang='lat' dir='ltr'><strong>raritates</strong></span> <span class='ocrx_word' id='word_1_63' title='bbox 819 1452 953 1531; x_wconf 89' lang='lat' dir='ltr'><strong>propter</strong></span> <span class='ocrx_word' id='word_1_64' title='bbox 967 1442 1126 1529; x_wconf 86' lang='lat' dir='ltr'><strong>liquorem</strong></span> <span class='ocrx_word' id='word_1_65' title='bbox 1142 1453 1237 1507; x_wconf 85' lang='lat' dir='ltr'><strong>extra</strong></span> <span class='ocrx_word' id='word_1_66' title='bbox 1257 1442 1391 1529; x_wconf 76' lang='lat' dir='ltr'><strong>labitur,</strong></span> <span class='ocrx_word' id='word_1_67' title='bbox 1413 1467 1526 1510; x_wconf 84' lang='lat' dir='ltr'><strong>aurum</strong></span> 
     </span>
     <span class='ocr_line' id='line_1_9' title="bbox 352 1545 1244 1635; baseline -0.006 -23"><span class='ocrx_word' id='word_1_68' title='bbox 352 1594 365 1605; x_wconf 80' lang='lat'><em>,</em></span> <span class='ocrx_word' id='word_1_69' title='bbox 384 1548 625 1635; x_wconf 82' lang='lat' dir='ltr'><strong>compressione</strong></span> <span class='ocrx_word' id='word_1_70' title='bbox 647 1554 795 1610; x_wconf 84' lang='lat' dir='ltr'><strong>coactum</strong></span> <span class='ocrx_word' id='word_1_71' title='bbox 816 1546 904 1615; x_wconf 84' lang='lat' dir='ltr'><strong>intra</strong></span> <span class='ocrx_word' id='word_1_72' title='bbox 926 1555 1044 1629; x_wconf 87' lang='lat' dir='ltr'><strong>purum</strong></span> <span class='ocrx_word' id='word_1_73' title='bbox 1065 1545 1244 1609; x_wconf 84' lang='lat' dir='ltr'><strong>invenitur.</strong></span> 
     </span>
     <span class='ocr_line' id='line_1_10' title="bbox 331 1646 1555 1734; baseline -0.003 -22"><span class='ocrx_word' id='word_1_74' title='bbox 331 1663 371 1713; x_wconf 82' lang='lat' dir='ltr'><strong>lx</strong></span> <span class='ocrx_word' id='word_1_75' title='bbox 468 1650 728 1723; x_wconf 76' lang='lat' dir='ltr'><strong>Revertarnunc</strong></span> <span class='ocrx_word' id='word_1_76' title='bbox 741 1646 786 1710; x_wconf 88' lang='lat' dir='ltr'><strong>ad</strong></span> <span class='ocrx_word' id='word_1_77' title='bbox 807 1646 903 1711; x_wconf 90' lang='lat' dir='ltr'><strong>minii</strong></span> <span class='ocrx_word' id='word_1_78' title='bbox 922 1654 1188 1732; x_wconf 82' lang='lat' dir='ltr'><strong>temperaturam.</strong></span> <span class='ocrx_word' id='word_1_79' title='bbox 1225 1649 1316 1733; x_wconf 87' lang='lat' dir='ltr'><strong>ipsae</strong></span> <span class='ocrx_word' id='word_1_80' title='bbox 1331 1648 1419 1711; x_wconf 90' lang='lat' dir='ltr'><strong>enim</strong></span> <span class='ocrx_word' id='word_1_81' title='bbox 1439 1648 1555 1734; x_wconf 76' lang='lat' dir='ltr'><strong>gloc-1</strong></span> 
     </span>
     <span class='ocr_line' id='line_1_11' title="bbox 336 1742 1526 1833; baseline 0.001 -20"><span class='ocrx_word' id='word_1_82' title='bbox 336 1767 368 1815; x_wconf 89' lang='lat'><strong>10</strong></span> <span class='ocrx_word' id='word_1_83' title='bbox 385 1751 446 1816; x_wconf 88' lang='lat' dir='ltr'><strong>bae</strong></span> <span class='ocrx_word' id='word_1_84' title='bbox 462 1772 535 1815; x_wconf 92' lang='lat' dir='ltr'><strong>cum</strong></span> <span class='ocrx_word' id='word_1_85' title='bbox 551 1759 626 1814; x_wconf 92' lang='lat' dir='ltr'><strong>sunt</strong></span> <span class='ocrx_word' id='word_1_86' title='bbox 640 1748 769 1831; x_wconf 84' lang='lat' dir='ltr'><strong>aridae,</strong></span> <span class='ocrx_word' id='word_1_87' title='bbox 792 1747 1036 1814; x_wconf 90' lang='lat' dir='ltr'><strong>contunduntur</strong></span> <span class='ocrx_word' id='word_1_88' title='bbox 1050 1748 1128 1833; x_wconf 90' lang='lat' dir='ltr'><strong>pilis</strong></span> <span class='ocrx_word' id='word_1_89' title='bbox 1143 1748 1277 1832; x_wconf 81' lang='lat' dir='ltr'><strong>ferreis,</strong></span> <span class='ocrx_word' id='word_1_90' title='bbox 1301 1758 1333 1813; x_wconf 92' lang='lat' dir='ltr'><strong>et</strong></span> <span class='ocrx_word' id='word_1_91' title='bbox 1347 1742 1526 1815; x_wconf 88' lang='lat' dir='ltr'><strong>lotionibus</strong></span> 
     </span>
     <span class='ocr_line' id='line_1_12' title="bbox 384 1845 1528 1917; baseline -0.001 -1"><span class='ocrx_word' id='word_1_92' title='bbox 384 1863 417 1917; x_wconf 89' lang='lat' dir='ltr'><strong>et</strong></span> <span class='ocrx_word' id='word_1_93' title='bbox 440 1845 581 1916; x_wconf 81' lang='lat' dir='ltr'><strong>cocturis</strong></span> <span class='ocrx_word' id='word_1_94' title='bbox 597 1851 720 1916; x_wconf 90' lang='lat' dir='ltr'><strong>crebris</strong></span> <span class='ocrx_word' id='word_1_95' title='bbox 735 1850 859 1915; x_wconf 88' lang='lat' dir='ltr'><strong>relictis</strong></span> <span class='ocrx_word' id='word_1_96' title='bbox 876 1850 1075 1915; x_wconf 87' lang='lat' dir='ltr'><strong>stercoribus</strong></span> <span class='ocrx_word' id='word_1_97' title='bbox 1091 1848 1278 1915; x_wconf 82' lang='lat' dir='ltr'><strong>efficiuntur</strong></span> <span class='ocrx_word' id='word_1_98' title='bbox 1291 1859 1328 1914; x_wconf 94' lang='lat' dir='ltr'><strong>ut</strong></span> <span class='ocrx_word' id='word_1_99' title='bbox 1349 1850 1528 1916; x_wconf 84' lang='lat' dir='ltr'><strong>adveniant</strong></span> 
     </span>
     <span class='ocr_line' id='line_1_13' title="bbox 385 1953 1527 2038; baseline 0 -20"><span class='ocrx_word' id='word_1_100' title='bbox 385 1954 518 2020; x_wconf 89' lang='lat' dir='ltr'><strong>colores.</strong></span> <span class='ocrx_word' id='word_1_101' title='bbox 571 1975 645 2018; x_wconf 92' lang='lat' dir='ltr'><strong>cum</strong></span> <span class='ocrx_word' id='word_1_102' title='bbox 668 1974 745 2037; x_wconf 89' lang='lat' dir='ltr'><strong>ergo</strong></span> <span class='ocrx_word' id='word_1_103' title='bbox 774 1953 911 2015; x_wconf 87' lang='lat' dir='ltr'><strong>emissae</strong></span> <span class='ocrx_word' id='word_1_104' title='bbox 933 1953 1000 2015; x_wconf 90' lang='lat' dir='ltr'><strong>sint</strong></span> <span class='ocrx_word' id='word_1_105' title='bbox 1028 1972 1070 2016; x_wconf 86' lang='lat' dir='ltr'><strong>ex</strong></span> <span class='ocrx_word' id='word_1_106' title='bbox 1090 1953 1192 2016; x_wconf 90' lang='lat' dir='ltr'><strong>minio</strong></span> <span class='ocrx_word' id='word_1_107' title='bbox 1221 1974 1280 2038; x_wconf 90' lang='lat' dir='ltr'><strong>per</strong></span> <span class='ocrx_word' id='word_1_108' title='bbox 1305 1954 1436 2037; x_wconf 80' lang='lat' dir='ltr'><strong>argenti</strong></span> <span class='ocrx_word' id='word_1_109' title='bbox 1458 1956 1527 2018; x_wconf 83' lang='lat' dir='ltr'><strong>vivi</strong></span> 
     </span>
     <span class='ocr_line' id='line_1_14' title="bbox 383 2048 1527 2140; baseline 0 -20"><span class='ocrx_word' id='word_1_110' title='bbox 383 2054 587 2138; x_wconf 79' lang='lat' dir='ltr'><strong>relictionem</strong></span> <span class='ocrx_word' id='word_1_111' title='bbox 610 2076 689 2140; x_wconf 88' lang='lat' dir='ltr'><strong>quas</strong></span> <span class='ocrx_word' id='word_1_112' title='bbox 712 2055 747 2117; x_wconf 93' lang='lat' dir='ltr'><strong>in</strong></span> <span class='ocrx_word' id='word_1_113' title='bbox 769 2075 804 2117; x_wconf 89' lang='lat' dir='ltr'><strong>se</strong></span> <span class='ocrx_word' id='word_1_114' title='bbox 825 2051 990 2117; x_wconf 86' lang='lat' dir='ltr'><strong>naturales</strong></span> <span class='ocrx_word' id='word_1_115' title='bbox 1017 2052 1175 2119; x_wconf 87' lang='lat' dir='ltr'><strong>habuerat</strong></span> <span class='ocrx_word' id='word_1_116' title='bbox 1196 2055 1353 2136; x_wconf 84' lang='lat' dir='ltr'><strong>virtutes,</strong></span> <span class='ocrx_word' id='word_1_117' title='bbox 1386 2048 1527 2120; x_wconf 82' lang='lat' dir='ltr'><strong>efficitur</strong></span> 
     </span>
     <span class='ocr_line' id='line_1_15' title="bbox 385 2152 1581 2244; baseline -0.001 -23"><span class='ocrx_word' id='word_1_118' title='bbox 385 2167 497 2221; x_wconf 88' lang='lat' dir='ltr'><strong>tenera</strong></span> <span class='ocrx_word' id='word_1_119' title='bbox 517 2166 635 2222; x_wconf 88' lang='lat' dir='ltr'><strong>natura</strong></span> <span class='ocrx_word' id='word_1_120' title='bbox 657 2164 690 2220; x_wconf 91' lang='lat' dir='ltr'><strong>et</strong></span> <span class='ocrx_word' id='word_1_121' title='bbox 711 2154 838 2219; x_wconf 84' lang='lat' dir='ltr'><strong>viribus</strong></span> <span class='ocrx_word' id='word_1_122' title='bbox 859 2152 1034 2219; x_wconf 88' lang='lat' dir='ltr'><strong>inbeciHis.</strong></span> <span class='ocrx_word' id='word_1_123' title='bbox 1078 2156 1189 2241; x_wconf 87' lang='lat' dir='ltr'><strong>itaque</strong></span> <span class='ocrx_word' id='word_1_124' title='bbox 1204 2176 1277 2219; x_wconf 91' lang='lat' dir='ltr'><strong>cum</strong></span> <span class='ocrx_word' id='word_1_125' title='bbox 1298 2164 1348 2219; x_wconf 87' lang='lat' dir='ltr'><strong>est</strong></span> <span class='ocrx_word' id='word_1_126' title='bbox 1370 2158 1405 2219; x_wconf 90' lang='lat' dir='ltr'><strong>in</strong></span> <span class='ocrx_word' id='word_1_127' title='bbox 1427 2170 1555 2244; x_wconf 76' lang='lat' dir='ltr'><strong>expo-2</strong></span> <span class='ocrx_word' id='word_1_128' title='bbox 1578 2152 1581 2163; x_wconf 83' lang='lat'>&#39;</span> 
     </span>
     <span class='ocr_line' id='line_1_16' title="bbox 333 2256 1526 2362; baseline 0 -40"><span class='ocrx_word' id='word_1_129' title='bbox 333 2275 364 2323; x_wconf 82' lang='lat'><strong>15</strong></span> <span class='ocrx_word' id='word_1_130' title='bbox 383 2258 552 2324; x_wconf 83' lang='lat' dir='ltr'><strong>litionibus</strong></span> <span class='ocrx_word' id='word_1_131' title='bbox 575 2256 780 2362; x_wconf 81' lang='lat' dir='ltr'><strong>conclavium</strong></span> <span class='ocrx_word' id='word_1_132' title='bbox 806 2258 902 2328; x_wconf 90' lang='lat' dir='ltr'><strong>tectis</strong></span> <span class='ocrx_word' id='word_1_133' title='bbox 930 2257 1117 2339; x_wconf 85' lang='lat' dir='ltr'><strong>inductum,</strong></span> <span class='ocrx_word' id='word_1_134' title='bbox 1146 2265 1315 2343; x_wconf 89' lang='lat' dir='ltr'><strong>permanet</strong></span> <span class='ocrx_word' id='word_1_135' title='bbox 1343 2257 1414 2321; x_wconf 86' lang='lat' dir='ltr'><strong>sine</strong></span> <span class='ocrx_word' id='word_1_136' title='bbox 1436 2259 1526 2323; x_wconf 88' lang='lat' dir='ltr'><strong>vitiis</strong></span> 
     </span>
     <span class='ocr_line' id='line_1_17' title="bbox 382 2356 1526 2447; baseline -0.001 -22"><span class='ocrx_word' id='word_1_137' title='bbox 382 2384 439 2426; x_wconf 88' lang='lat' dir='ltr'><strong>suo</strong></span> <span class='ocrx_word' id='word_1_138' title='bbox 468 2360 584 2425; x_wconf 90' lang='lat' dir='ltr'><strong>colore.</strong></span> <span class='ocrx_word' id='word_1_139' title='bbox 634 2360 756 2447; x_wconf 88' lang='lat' dir='ltr'><strong>apertis</strong></span> <span class='ocrx_word' id='word_1_140' title='bbox 779 2359 916 2423; x_wconf 87' lang='lat' dir='ltr'><strong>veroid</strong></span> <span class='ocrx_word' id='word_1_141' title='bbox 943 2367 994 2422; x_wconf 88' lang='lat' dir='ltr'><strong>est</strong></span> <span class='ocrx_word' id='word_1_142' title='bbox 1021 2356 1202 2445; x_wconf 89' lang='lat' dir='ltr'><strong>peristyliis</strong></span> <span class='ocrx_word' id='word_1_143' title='bbox 1228 2368 1285 2422; x_wconf 89' lang='lat' dir='ltr'><strong>aut</strong></span> <span class='ocrx_word' id='word_1_144' title='bbox 1312 2359 1446 2425; x_wconf 84' lang='lat' dir='ltr'><strong>exedris</strong></span> <span class='ocrx_word' id='word_1_145' title='bbox 1472 2370 1526 2424; x_wconf 86' lang='lat' dir='ltr'><strong>aut</strong></span> 
     </span>
     <span class='ocr_line' id='line_1_18' title="bbox 383 2446 1524 2547; baseline 0.001 -21"><span class='ocrx_word' id='word_1_146' title='bbox 383 2464 500 2528; x_wconf 85' lang='lat' dir='ltr'><strong>ceteris</strong></span> <span class='ocrx_word' id='word_1_147' title='bbox 516 2460 663 2527; x_wconf 85' lang='lat' dir='ltr'><strong>ciusdem</strong></span> <span class='ocrx_word' id='word_1_148' title='bbox 678 2461 767 2526; x_wconf 92' lang='lat' dir='ltr'><strong>modi</strong></span> <span class='ocrx_word' id='word_1_149' title='bbox 789 2446 885 2544; x_wconf 77' lang='lat' dir='ltr'><strong>loeis,</strong></span> <span class='ocrx_word' id='word_1_150' title='bbox 910 2482 973 2546; x_wconf 90' lang='lat' dir='ltr'><strong>qno</strong></span> <span class='ocrx_word' id='word_1_151' title='bbox 989 2459 1038 2524; x_wconf 92' lang='lat' dir='ltr'><strong>sol</strong></span> <span class='ocrx_word' id='word_1_152' title='bbox 1060 2469 1092 2523; x_wconf 89' lang='lat' dir='ltr'><strong>et</strong></span> <span class='ocrx_word' id='word_1_153' title='bbox 1113 2458 1191 2523; x_wconf 82' lang='lat' dir='ltr'><strong>luna</strong></span> <span class='ocrx_word' id='word_1_154' title='bbox 1210 2462 1315 2546; x_wconf 86' lang='lat' dir='ltr'><strong>possit</strong></span> <span class='ocrx_word' id='word_1_155' title='bbox 1336 2460 1524 2547; x_wconf 87' lang='lat' dir='ltr'><strong>splendores</strong></span> 
     </span>
     <span class='ocr_line' id='line_1_19' title="bbox 383 2561 1526 2647; baseline -0.001 -19"><span class='ocrx_word' id='word_1_156' title='bbox 383 2575 415 2630; x_wconf 89' lang='lat' dir='ltr'><strong>et</strong></span> <span class='ocrx_word' id='word_1_157' title='bbox 436 2564 547 2629; x_wconf 84' lang='lat' dir='ltr'><strong>radios</strong></span> <span class='ocrx_word' id='word_1_158' title='bbox 569 2566 752 2647; x_wconf 83' lang='lat' dir='ltr'><strong>inmittere,</strong></span> <span class='ocrx_word' id='word_1_159' title='bbox 781 2563 855 2628; x_wconf 83' lang='lat' dir='ltr'><strong>cum</strong></span> <span class='ocrx_word' id='word_1_160' title='bbox 876 2562 919 2627; x_wconf 92' lang='lat' dir='ltr'><strong>ab</strong></span> <span class='ocrx_word' id='word_1_161' title='bbox 946 2562 999 2626; x_wconf 85' lang='lat' dir='ltr'><strong>his</strong></span> <span class='ocrx_word' id='word_1_162' title='bbox 1027 2561 1117 2626; x_wconf 87' lang='lat' dir='ltr'><strong>locus</strong></span> <span class='ocrx_word' id='word_1_163' title='bbox 1144 2563 1306 2646; x_wconf 82' lang='lat' dir='ltr'><strong>tangitur,</strong></span> <span class='ocrx_word' id='word_1_164' title='bbox 1334 2564 1473 2629; x_wconf 87' lang='lat' dir='ltr'><strong>vitiatur</strong></span> <span class='ocrx_word' id='word_1_165' title='bbox 1495 2574 1526 2627; x_wconf 90' lang='lat' dir='ltr'><strong>et</strong></span> 
     </span>
     <span class='ocr_line' id='line_1_20' title="bbox 381 2664 1526 2749; baseline 0 -20"><span class='ocrx_word' id='word_1_166' title='bbox 381 2667 502 2731; x_wconf 85' lang='lat' dir='ltr'><strong>amissa</strong></span> <span class='ocrx_word' id='word_1_167' title='bbox 528 2667 650 2730; x_wconf 86' lang='lat' dir='ltr'><strong>virtute</strong></span> <span class='ocrx_word' id='word_1_168' title='bbox 673 2664 789 2730; x_wconf 89' lang='lat' dir='ltr'><strong>coloris</strong></span> <span class='ocrx_word' id='word_1_169' title='bbox 812 2664 1016 2749; x_wconf 86' lang='lat' dir='ltr'><strong>denigratur.</strong></span> <span class='ocrx_word' id='word_1_170' title='bbox 1060 2664 1171 2749; x_wconf 87' lang='lat' dir='ltr'><strong>itaque</strong></span> <span class='ocrx_word' id='word_1_171' title='bbox 1193 2684 1266 2727; x_wconf 87' lang='lat' dir='ltr'><strong>cum</strong></span> <span class='ocrx_word' id='word_1_172' title='bbox 1288 2674 1322 2729; x_wconf 83' lang='lat' dir='ltr'><strong>et</strong></span> <span class='ocrx_word' id='word_1_173' title='bbox 1347 2664 1405 2729; x_wconf 91' lang='lat' dir='ltr'><strong>alii</strong></span> <span class='ocrx_word' id='word_1_174' title='bbox 1433 2664 1526 2731; x_wconf 89' lang='lat' dir='ltr'><strong>multi</strong></span> 
     </span>
     <span class='ocr_line' id='line_1_21' title="bbox 330 2764 1525 2851; baseline 0 -19"><span class='ocrx_word' id='word_1_175' title='bbox 330 2783 365 2851; x_wconf 78' lang='lat'><strong>20</strong></span> <span class='ocrx_word' id='word_1_176' title='bbox 381 2777 451 2832; x_wconf 90' lang='lat' dir='ltr'><strong>tum</strong></span> <span class='ocrx_word' id='word_1_177' title='bbox 474 2768 572 2831; x_wconf 91' lang='lat' dir='ltr'><strong>etiam</strong></span> <span class='ocrx_word' id='word_1_178' title='bbox 593 2766 754 2833; x_wconf 86' lang='lat' dir='ltr'><strong>Faberius</strong></span> <span class='ocrx_word' id='word_1_179' title='bbox 770 2765 878 2832; x_wconf 91' lang='lat' dir='ltr'><strong>scriba</strong></span> <span class='ocrx_word' id='word_1_180' title='bbox 899 2788 972 2830; x_wconf 87' lang='lat' dir='ltr'><strong>cum</strong></span> <span class='ocrx_word' id='word_1_181' title='bbox 995 2766 1030 2830; x_wconf 93' lang='lat' dir='ltr'><strong>in</strong></span> <span class='ocrx_word' id='word_1_182' title='bbox 1044 2765 1211 2832; x_wconf 87' lang='lat' dir='ltr'><strong>Aventino</strong></span> <span class='ocrx_word' id='word_1_183' title='bbox 1226 2764 1386 2832; x_wconf 84' lang='lat' dir='ltr'><strong>voluisset</strong></span> <span class='ocrx_word' id='word_1_184' title='bbox 1406 2766 1525 2833; x_wconf 88' lang='lat' dir='ltr'><strong>habere</strong></span> 
     </span>
     <span class='ocr_line' id='line_1_22' title="bbox 382 2867 1525 2956; baseline 0.001 -24"><span class='ocrx_word' id='word_1_185' title='bbox 382 2869 514 2933; x_wconf 92' lang='lat' dir='ltr'><strong>domum</strong></span> <span class='ocrx_word' id='word_1_186' title='bbox 529 2867 695 2953; x_wconf 86' lang='lat' dir='ltr'><strong>eleganter</strong></span> <span class='ocrx_word' id='word_1_187' title='bbox 709 2869 897 2956; x_wconf 84' lang='lat' dir='ltr'><strong>expolitam,</strong></span> <span class='ocrx_word' id='word_1_188' title='bbox 918 2867 1099 2956; x_wconf 80' lang='lat' dir='ltr'><strong>peristyliis</strong></span> <span class='ocrx_word' id='word_1_189' title='bbox 1113 2871 1254 2956; x_wconf 88' lang='lat' dir='ltr'><strong>parietes</strong></span> <span class='ocrx_word' id='word_1_190' title='bbox 1269 2891 1381 2934; x_wconf 88' lang='lat' dir='ltr'><strong>omnes</strong></span> <span class='ocrx_word' id='word_1_191' title='bbox 1395 2870 1525 2936; x_wconf 84' lang='lat' dir='ltr'><strong>induxit</strong></span> 
     </span>
     <span class='ocr_line' id='line_1_23' title="bbox 381 2969 1523 3059; baseline 0.002 -27"><span class='ocrx_word' id='word_1_192' title='bbox 381 2971 483 3033; x_wconf 89' lang='lat' dir='ltr'><strong>minio</strong></span> <span class='ocrx_word' id='word_1_193' title='bbox 491 3019 500 3054; x_wconf 84' lang='lat'><em>,</em></span> <span class='ocrx_word' id='word_1_194' title='bbox 524 2971 581 3057; x_wconf 93' lang='lat' dir='ltr'><strong>qui</strong></span> <span class='ocrx_word' id='word_1_195' title='bbox 596 2979 670 3056; x_wconf 88' lang='lat' dir='ltr'><strong>post</strong></span> <span class='ocrx_word' id='word_1_196' title='bbox 686 2969 756 3035; x_wconf 85' lang='lat' dir='ltr'><strong>dies</strong></span> <span class='ocrx_word' id='word_1_197' title='bbox 772 2989 846 3035; x_wconf 86' lang='lat' dir='ltr'><strong>xxx</strong></span> <span class='ocrx_word' id='word_1_198' title='bbox 861 2970 938 3034; x_wconf 82' lang='lat' dir='ltr'><strong>facti</strong></span> <span class='ocrx_word' id='word_1_199' title='bbox 956 2979 1033 3035; x_wconf 89' lang='lat' dir='ltr'><strong>sunt</strong></span> <span class='ocrx_word' id='word_1_200' title='bbox 1046 2972 1221 3036; x_wconf 87' lang='lat' dir='ltr'><strong>invenusto</strong></span> <span class='ocrx_word' id='word_1_201' title='bbox 1235 2973 1393 3059; x_wconf 88' lang='lat' dir='ltr'><strong>varioque</strong></span> <span class='ocrx_word' id='word_1_202' title='bbox 1407 2972 1523 3038; x_wconf 90' lang='lat' dir='ltr'><strong>colore.</strong></span> 
     </span>
     <span class='ocr_line' id='line_1_24' title="bbox 382 3070 1553 3160; baseline -0.002 -25"><span class='ocrx_word' id='word_1_203' title='bbox 382 3074 494 3158; x_wconf 88' lang='lat' dir='ltr'><strong>itaque</strong></span> <span class='ocrx_word' id='word_1_204' title='bbox 515 3074 620 3159; x_wconf 88' lang='lat' dir='ltr'><strong>primo</strong></span> <span class='ocrx_word' id='word_1_205' title='bbox 643 3071 764 3137; x_wconf 86' lang='lat' dir='ltr'><strong>locavit</strong></span> <span class='ocrx_word' id='word_1_206' title='bbox 784 3071 988 3136; x_wconf 87' lang='lat' dir='ltr'><strong>inducendos</strong></span> <span class='ocrx_word' id='word_1_207' title='bbox 1002 3071 1085 3136; x_wconf 88' lang='lat' dir='ltr'><strong>alios</strong></span> <span class='ocrx_word' id='word_1_208' title='bbox 1100 3070 1233 3138; x_wconf 91' lang='lat' dir='ltr'><strong>colores.</strong></span> <span class='ocrx_word' id='word_1_209' title='bbox 1269 3082 1304 3138; x_wconf 88' lang='lat' dir='ltr'><strong>at</strong></span> <span class='ocrx_word' id='word_1_210' title='bbox 1326 3075 1429 3160; x_wconf 86' lang='lat' dir='ltr'><strong>siqui</strong></span> <span class='ocrx_word' id='word_1_211' title='bbox 1450 3074 1553 3139; x_wconf 85' lang='lat' dir='ltr'><strong>sub-3</strong></span> 
     </span>
     <span class='ocr_line' id='line_1_25' title="bbox 381 3173 1524 3260; baseline 0.001 -21"><span class='ocrx_word' id='word_1_212' title='bbox 381 3174 473 3239; x_wconf 89' lang='lat' dir='ltr'><strong>tilior</strong></span> <span class='ocrx_word' id='word_1_213' title='bbox 505 3175 605 3240; x_wconf 82' lang='lat' dir='ltr'><strong>fuerit</strong></span> <span class='ocrx_word' id='word_1_214' title='bbox 630 3185 663 3240; x_wconf 91' lang='lat' dir='ltr'><strong>et</strong></span> <span class='ocrx_word' id='word_1_215' title='bbox 695 3174 836 3239; x_wconf 86' lang='lat' dir='ltr'><strong>voluerit</strong></span> <span class='ocrx_word' id='word_1_216' title='bbox 857 3173 1091 3260; x_wconf 87' lang='lat' dir='ltr'><strong>expolitionem</strong></span> <span class='ocrx_word' id='word_1_217' title='bbox 1110 3175 1304 3238; x_wconf 89' lang='lat' dir='ltr'><strong>miniaceam</strong></span> <span class='ocrx_word' id='word_1_218' title='bbox 1325 3197 1421 3240; x_wconf 91' lang='lat' dir='ltr'><strong>suum</strong></span> <span class='ocrx_word' id='word_1_219' title='bbox 1440 3175 1524 3255; x_wconf 85' lang='lat' dir='ltr'><strong>colo·¹</strong></span> 
     </span>
     <span class='ocr_line' id='line_1_26' title="bbox 331 3275 1523 3364; baseline 0.003 -25"><span class='ocrx_word' id='word_1_220' title='bbox 331 3292 364 3339; x_wconf 82' lang='lat'><strong>25</strong></span> <span class='ocrx_word' id='word_1_221' title='bbox 381 3299 450 3340; x_wconf 89' lang='lat' dir='ltr'><strong>rem</strong></span> <span class='ocrx_word' id='word_1_222' title='bbox 472 3278 629 3361; x_wconf 85' lang='lat' dir='ltr'><strong>retinere,</strong></span> <span class='ocrx_word' id='word_1_223' title='bbox 659 3299 733 3341; x_wconf 93' lang='lat' dir='ltr'><strong>cum</strong></span> <span class='ocrx_word' id='word_1_224' title='bbox 759 3277 867 3364; x_wconf 88' lang='lat' dir='ltr'><strong>paries</strong></span> <span class='ocrx_word' id='word_1_225' title='bbox 890 3275 1053 3364; x_wconf 84' lang='lat' dir='ltr'><strong>expolitus</strong></span> <span class='ocrx_word' id='word_1_226' title='bbox 1083 3285 1115 3342; x_wconf 89' lang='lat' dir='ltr'><strong>et</strong></span> <span class='ocrx_word' id='word_1_227' title='bbox 1137 3275 1249 3342; x_wconf 90' lang='lat' dir='ltr'><strong>aridus</strong></span> <span class='ocrx_word' id='word_1_228' title='bbox 1271 3277 1388 3362; x_wconf 84' lang='lat' dir='ltr'><strong>fuerit,</strong></span> <span class='ocrx_word' id='word_1_229' title='bbox 1418 3301 1523 3343; x_wconf 88' lang='lat' dir='ltr'><strong>ceram</strong></span> 
     </span>
    </p>
   </div>
   <div class='ocr_carea' id='block_1_3' title="bbox 360 3547 1525 4791">
    <p class='ocr_par' dir='ltr' id='par_1_3' title="bbox 360 3547 1525 4791">
     <span class='ocr_line' id='line_1_27' title="bbox 451 3547 1525 3617; baseline 0.005 -19"><span class='ocrx_word' id='word_1_230' title='bbox 451 3553 463 3598; x_wconf 90' lang='lat'>1</span> <span class='ocrx_word' id='word_1_231' title='bbox 483 3554 560 3600; x_wconf 85' lang='lat' dir='ltr'><strong>veste</strong></span> <span class='ocrx_word' id='word_1_232' title='bbox 579 3551 632 3600; x_wconf 71' lang='lat' dir='ltr'><strong>ea:</strong></span> <span class='ocrx_word' id='word_1_233' title='bbox 651 3553 729 3600; x_wconf 79' lang='lat' dir='ltr'><strong>veste</strong></span> <span class='ocrx_word' id='word_1_234' title='bbox 746 3549 828 3600; x_wconf 84' lang='lat' dir='ltr'><strong>EGH</strong></span> <span class='ocrx_word' id='word_1_235' title='bbox 843 3551 885 3614; x_wconf 85' lang='lat' dir='ltr'><strong>(lc,</strong></span> <span class='ocrx_word' id='word_1_236' title='bbox 898 3553 1004 3601; x_wconf 84' lang='lat' dir='ltr'><strong>vestem</strong></span> <span class='ocrx_word' id='word_1_237' title='bbox 1015 3550 1062 3615; x_wconf 84' lang='lat' dir='ltr'><strong>L).</strong></span> <span class='ocrx_word' id='word_1_238' title='bbox 1076 3547 1088 3617; x_wconf 86' lang='grc' dir='ltr'><strong>ΙΙ</strong></span> <span class='ocrx_word' id='word_1_239' title='bbox 1110 3552 1231 3603; x_wconf 83' lang='lat' dir='ltr'><strong>contrita</strong></span> <span class='ocrx_word' id='word_1_240' title='bbox 1243 3551 1292 3602; x_wconf 80' lang='lat' dir='ltr'><strong>EG</strong></span> <span class='ocrx_word' id='word_1_241' title='bbox 1310 3550 1371 3614; x_wconf 78' lang='lat' dir='ltr'><strong>(le</strong></span> <span class='ocrx_word' id='word_1_242' title='bbox 1390 3553 1525 3604; x_wconf 81' lang='lat' dir='ltr'><strong>constrita</strong></span> 
     </span>
     <span class='ocr_line' id='line_1_28' title="bbox 383 3630 1522 3700; baseline 0.004 -17"><span class='ocrx_word' id='word_1_243' title='bbox 383 3634 410 3683; x_wconf 89' lang='lat' dir='ltr'><em>H</em></span> <span class='ocrx_word' id='word_1_244' title='bbox 429 3631 500 3699; x_wconf 74' lang='lat' dir='ltr'><strong>(icet,</strong></span> <span class='ocrx_word' id='word_1_245' title='bbox 520 3634 670 3684; x_wconf 85' lang='lat' dir='ltr'><strong>constricta</strong></span> <span class='ocrx_word' id='word_1_246' title='bbox 687 3635 716 3684; x_wconf 65' lang='lat' dir='ltr'><strong>bc</strong></span> <span class='ocrx_word' id='word_1_247' title='bbox 733 3641 759 3683; x_wconf 85' lang='lat' dir='ltr'><strong>et</strong></span> <span class='ocrx_word' id='word_1_248' title='bbox 781 3642 840 3685; x_wconf 79' lang='lat' dir='ltr'><strong>aute</strong></span> <span class='ocrx_word' id='word_1_249' title='bbox 858 3651 926 3688; x_wconf 84' lang='lat' dir='ltr'><strong>corr.</strong></span> <span class='ocrx_word' id='word_1_250' title='bbox 945 3634 974 3699; x_wconf 79' lang='lat' dir='ltr'><strong>l).</strong></span> <span class='ocrx_word' id='word_1_251' title='bbox 994 3632 1006 3700; x_wconf 85' lang='grc' dir='ltr'><strong>ΙΙ</strong></span> <span class='ocrx_word' id='word_1_252' title='bbox 1021 3630 1043 3686; x_wconf 85' lang='grc'><strong>’3</strong></span> <span class='ocrx_word' id='word_1_253' title='bbox 1060 3636 1140 3686; x_wconf 81' lang='lat' dir='ltr'><strong>&#39;varis</strong></span> <span class='ocrx_word' id='word_1_254' title='bbox 1156 3643 1216 3686; x_wconf 76' lang='lat' dir='ltr'><strong>unte</strong></span> <span class='ocrx_word' id='word_1_255' title='bbox 1232 3652 1300 3687; x_wconf 84' lang='lat' dir='ltr'><strong>corr.</strong></span> <span class='ocrx_word' id='word_1_256' title='bbox 1324 3635 1347 3685; x_wconf 78' lang='grc' dir='ltr'><strong>(ι’</strong></span> <span class='ocrx_word' id='word_1_257' title='bbox 1370 3634 1432 3700; x_wconf 81' lang='lat' dir='ltr'><strong>(non</strong></span> <span class='ocrx_word' id='word_1_258' title='bbox 1448 3635 1495 3700; x_wconf 84' lang='lat' dir='ltr'><strong>E).</strong></span> <span class='ocrx_word' id='word_1_259' title='bbox 1510 3634 1522 3700; x_wconf 77' lang='lat' dir='ltr'><strong>ll</strong></span> 
     </span>
     <span class='ocr_line' id='line_1_29' title="bbox 383 3718 1523 3787; baseline 0.001 -20"><span class='ocrx_word' id='word_1_260' title='bbox 383 3719 500 3781; x_wconf 80' lang='lat' dir='ltr'><strong>coicitur</strong></span> <span class='ocrx_word' id='word_1_261' title='bbox 519 3718 643 3780; x_wconf 78' lang='lat' dir='ltr'><strong>(enititur</strong></span> <span class='ocrx_word' id='word_1_262' title='bbox 660 3725 719 3769; x_wconf 79' lang='lat' dir='ltr'><strong>ante</strong></span> <span class='ocrx_word' id='word_1_263' title='bbox 737 3728 811 3771; x_wconf 67' lang='lat' dir='ltr'><strong>corn·</strong></span> <span class='ocrx_word' id='word_1_264' title='bbox 826 3718 858 3783; x_wconf 83' lang='lat' dir='ltr'><strong>G)</strong></span> <span class='ocrx_word' id='word_1_265' title='bbox 876 3720 937 3769; x_wconf 79' lang='lat' dir='ltr'><strong>EG:</strong></span> <span class='ocrx_word' id='word_1_266' title='bbox 961 3721 1082 3784; x_wconf 81' lang='lat' dir='ltr'><strong>coigitur</strong></span> <span class='ocrx_word' id='word_1_267' title='bbox 1098 3720 1130 3769; x_wconf 89' lang='lat' dir='ltr'><em>H</em></span> <span class='ocrx_word' id='word_1_268' title='bbox 1145 3718 1192 3782; x_wconf 84' lang='lat' dir='ltr'><strong>(lc,</strong></span> <span class='ocrx_word' id='word_1_269' title='bbox 1215 3721 1323 3786; x_wconf 81' lang='lat' dir='ltr'><strong>cogitur</strong></span> <span class='ocrx_word' id='word_1_270' title='bbox 1341 3719 1385 3783; x_wconf 85' lang='lat' dir='ltr'><strong>L).</strong></span> <span class='ocrx_word' id='word_1_271' title='bbox 1410 3718 1423 3787; x_wconf 77' lang='lat' dir='ltr'>fl</span> <span class='ocrx_word' id='word_1_272' title='bbox 1443 3721 1461 3770; x_wconf 86' lang='lat'><strong>4-</strong></span> <span class='ocrx_word' id='word_1_273' title='bbox 1478 3737 1523 3771; x_wconf 85' lang='lat' dir='ltr'><strong>eo:</strong></span> 
     </span>
     <span class='ocr_line' id='line_1_30' title="bbox 381 3799 1521 3870; baseline 0.004 -19"><span class='ocrx_word' id='word_1_274' title='bbox 381 3805 418 3851; x_wconf 84' lang='lat' dir='ltr'><strong>sic</strong></span> <span class='ocrx_word' id='word_1_275' title='bbox 436 3804 515 3852; x_wconf 79' lang='lat' dir='ltr'><strong>EGH</strong></span> <span class='ocrx_word' id='word_1_276' title='bbox 532 3803 579 3867; x_wconf 76' lang='lat' dir='ltr'><strong>(cf,</strong></span> <span class='ocrx_word' id='word_1_277' title='bbox 589 3821 616 3868; x_wconf 85' lang='lat' dir='ltr'><strong>p.</strong></span> <span class='ocrx_word' id='word_1_278' title='bbox 632 3806 902 3866; x_wconf 74' lang='lat' dir='ltr'><strong>179,16e2182‚23.</strong></span> <span class='ocrx_word' id='word_1_279' title='bbox 922 3805 1005 3855; x_wconf 77' lang='lat' dir='ltr'><strong>Haud</strong></span> <span class='ocrx_word' id='word_1_280' title='bbox 1018 3804 1092 3854; x_wconf 72' lang='lat' dir='ltr'><strong>lbra.</strong></span> <span class='ocrx_word' id='word_1_281' title='bbox 1106 3804 1147 3862; x_wconf 86' lang='grc' dir='ltr'><strong>ΙΙ,</strong></span> <span class='ocrx_word' id='word_1_282' title='bbox 1166 3804 1237 3867; x_wconf 76' lang='grc'><em>418).</em></span> <span class='ocrx_word' id='word_1_283' title='bbox 1252 3799 1266 3870; x_wconf 78' lang='lat' dir='ltr'><strong>fl</strong></span> <span class='ocrx_word' id='word_1_284' title='bbox 1281 3805 1369 3854; x_wconf 89' lang='lat' dir='ltr'><strong>omnis</strong></span> <span class='ocrx_word' id='word_1_285' title='bbox 1387 3806 1417 3854; x_wconf 90' lang='lat' dir='ltr'><em>H</em></span> <span class='ocrx_word' id='word_1_286' title='bbox 1435 3804 1497 3870; x_wconf 75' lang='lat' dir='ltr'><strong>(cb).</strong></span> <span class='ocrx_word' id='word_1_287' title='bbox 1510 3803 1521 3869; x_wconf 79' lang='lat' dir='ltr'><strong>ll</strong></span> 
     </span>
     <span class='ocr_line' id='line_1_31' title="bbox 382 3884 1523 3955; baseline 0.002 -20"><span class='ocrx_word' id='word_1_288' title='bbox 382 3889 397 3935; x_wconf 86' lang='lat'>5</span> <span class='ocrx_word' id='word_1_289' title='bbox 415 3886 513 3936; x_wconf 85' lang='lat' dir='ltr'><strong>defusa</strong></span> <span class='ocrx_word' id='word_1_290' title='bbox 531 3888 602 3939; x_wconf 75' lang='lat' dir='ltr'><strong>doc:</strong></span> <span class='ocrx_word' id='word_1_291' title='bbox 625 3886 725 3937; x_wconf 83' lang='lat' dir='ltr'><strong>diffusa</strong></span> <span class='ocrx_word' id='word_1_292' title='bbox 741 3887 823 3937; x_wconf 85' lang='lat' dir='ltr'><strong>EGH</strong></span> <span class='ocrx_word' id='word_1_293' title='bbox 838 3886 897 3950; x_wconf 88' lang='lat' dir='ltr'><strong>(Lc,</strong></span> <span class='ocrx_word' id='word_1_294' title='bbox 916 3888 1009 3938; x_wconf 82' lang='lat' dir='ltr'><strong>difusa</strong></span> <span class='ocrx_word' id='word_1_295' title='bbox 1025 3886 1054 3955; x_wconf 82' lang='lat' dir='ltr'><strong>l).</strong></span> <span class='ocrx_word' id='word_1_296' title='bbox 1079 3884 1091 3954; x_wconf 89' lang='grc' dir='ltr'><strong>ΙΙ</strong></span> <span class='ocrx_word' id='word_1_297' title='bbox 1115 3891 1147 3938; x_wconf 90' lang='grc'><strong>10</strong></span> <span class='ocrx_word' id='word_1_298' title='bbox 1165 3887 1367 3938; x_wconf 83' lang='lat' dir='ltr'><strong>contunduntur</strong></span> <span class='ocrx_word' id='word_1_299' title='bbox 1387 3889 1455 3954; x_wconf 80' lang='lat' dir='ltr'><strong>pilis</strong></span> <span class='ocrx_word' id='word_1_300' title='bbox 1473 3889 1523 3938; x_wconf 80' lang='lat' dir='ltr'><strong>ier·</strong></span> 
     </span>
     <span class='ocr_line' id='line_1_32' title="bbox 381 3967 1524 4039; baseline 0.003 -20"><span class='ocrx_word' id='word_1_301' title='bbox 381 3972 436 4022; x_wconf 88' lang='lat' dir='ltr'><strong>reis</strong></span> <span class='ocrx_word' id='word_1_302' title='bbox 454 3976 482 4021; x_wconf 91' lang='lat' dir='ltr'><strong>et</strong></span> <span class='ocrx_word' id='word_1_303' title='bbox 500 3971 661 4022; x_wconf 87' lang='lat' dir='ltr'><strong>lotionibus:</strong></span> <span class='ocrx_word' id='word_1_304' title='bbox 685 3973 723 4022; x_wconf 86' lang='grc' dir='ltr'><strong>εἰσ</strong></span> <span class='ocrx_word' id='word_1_305' title='bbox 740 3972 827 4022; x_wconf 83' lang='lat' dir='ltr'><em>EGH.</em></span> <span class='ocrx_word' id='word_1_306' title='bbox 852 3967 865 4038; x_wconf 74' lang='lat' dir='ltr'><strong>ll</strong></span> <span class='ocrx_word' id='word_1_307' title='bbox 888 3975 917 4022; x_wconf 91' lang='lat' dir='ltr'><strong>ll</strong></span> <span class='ocrx_word' id='word_1_308' title='bbox 938 3970 1107 4023; x_wconf 59' lang='lat' dir='ltr'><strong>efficiuntur&amp;</strong></span> <span class='ocrx_word' id='word_1_309' title='bbox 1128 3974 1166 4022; x_wconf 81' lang='lat' dir='ltr'><strong>sic</strong></span> <span class='ocrx_word' id='word_1_310' title='bbox 1183 3973 1270 4025; x_wconf 81' lang='lat' dir='ltr'><em>EGH.</em></span> <span class='ocrx_word' id='word_1_311' title='bbox 1294 3969 1315 4039; x_wconf 76' lang='grc' dir='ltr'><strong>ΙΙ</strong></span> <span class='ocrx_word' id='word_1_312' title='bbox 1330 3973 1464 4024; x_wconf 77' lang='lat' dir='ltr'><strong>adveniat</strong></span> <span class='ocrx_word' id='word_1_313' title='bbox 1482 3989 1524 4023; x_wconf 86' lang='lat' dir='ltr'><strong>cu·</strong></span> 
     </span>
     <span class='ocr_line' id='line_1_33' title="bbox 379 4053 1525 4123; baseline 0.002 -19"><span class='ocrx_word' id='word_1_314' title='bbox 379 4056 453 4106; x_wconf 87' lang='lat' dir='ltr'><strong>iores</strong></span> <span class='ocrx_word' id='word_1_315' title='bbox 471 4057 496 4105; x_wconf 84' lang='lat' dir='ltr'><em>E</em></span> <span class='ocrx_word' id='word_1_316' title='bbox 520 4053 606 4119; x_wconf 89' lang='lat' dir='ltr'><strong>(color</strong></span> <span class='ocrx_word' id='word_1_317' title='bbox 629 4057 688 4107; x_wconf 88' lang='lat' dir='ltr'><strong>eius</strong></span> <span class='ocrx_word' id='word_1_318' title='bbox 705 4056 765 4120; x_wconf 63' lang='lat' dir='ltr'><strong>Ec).</strong></span> <span class='ocrx_word' id='word_1_319' title='bbox 788 4053 801 4123; x_wconf 85' lang='grc' dir='ltr'><em>Η</em></span> <span class='ocrx_word' id='word_1_320' title='bbox 829 4059 860 4106; x_wconf 92' lang='grc'><strong>12</strong></span> <span class='ocrx_word' id='word_1_321' title='bbox 880 4058 999 4107; x_wconf 81' lang='lat' dir='ltr'><strong>emissae</strong></span> <span class='ocrx_word' id='word_1_322' title='bbox 1017 4058 1075 4107; x_wconf 83' lang='lat' dir='ltr'><strong>sint</strong></span> <span class='ocrx_word' id='word_1_323' title='bbox 1097 4054 1173 4120; x_wconf 84' lang='lat' dir='ltr'><strong>(sunt</strong></span> <span class='ocrx_word' id='word_1_324' title='bbox 1194 4057 1296 4119; x_wconf 52' lang='lat' dir='ltr'><strong>Seium:</strong></span> <span class='ocrx_word' id='word_1_325' title='bbox 1325 4057 1429 4109; x_wconf 80' lang='lat' dir='ltr'><strong>emissa</strong></span> <span class='ocrx_word' id='word_1_326' title='bbox 1452 4060 1525 4108; x_wconf 82' lang='lat' dir='ltr'><strong>esset</strong></span> 
     </span>
     <span class='ocr_line' id='line_1_34' title="bbox 379 4131 1524 4208; baseline 0.002 -20"><span class='ocrx_word' id='word_1_327' title='bbox 379 4140 465 4190; x_wconf 83' lang='grc' dir='ltr'><em>ΕθΗ.</em></span> <span class='ocrx_word' id='word_1_328' title='bbox 482 4136 494 4206; x_wconf 76' lang='lat' dir='ltr'><strong>ll</strong></span> <span class='ocrx_word' id='word_1_329' title='bbox 511 4156 545 4191; x_wconf 81' lang='lat' dir='ltr'><strong>ex</strong></span> <span class='ocrx_word' id='word_1_330' title='bbox 556 4131 641 4191; x_wconf 89' lang='lat' dir='ltr'><strong>minio</strong></span> <span class='ocrx_word' id='word_1_331' title='bbox 656 4141 746 4192; x_wconf 76' lang='lat' dir='ltr'><strong>Scin:</strong></span> <span class='ocrx_word' id='word_1_332' title='bbox 763 4157 804 4207; x_wconf 28' lang='lat' dir='ltr'><strong>,ex</strong></span> <span class='ocrx_word' id='word_1_333' title='bbox 821 4142 899 4190; x_wconf 87' lang='lat' dir='ltr'><strong>minii</strong></span> <span class='ocrx_word' id='word_1_334' title='bbox 917 4139 1002 4204; x_wconf 90' lang='lat' dir='ltr'><strong>(-nii</strong></span> <span class='ocrx_word' id='word_1_335' title='bbox 1017 4140 1022 4204; x_wconf 90' lang='grc' dir='ltr'>Ι</span> <span class='ocrx_word' id='word_1_336' title='bbox 1035 4141 1076 4205; x_wconf 72' lang='grc' dir='ltr'><strong>Η)</strong></span> <span class='ocrx_word' id='word_1_337' title='bbox 1095 4142 1181 4192; x_wconf 72' lang='grc' dir='ltr'><em>ΕΘΗ.</em></span> <span class='ocrx_word' id='word_1_338' title='bbox 1205 4139 1219 4207; x_wconf 72' lang='grc' dir='ltr'><strong>ΙΙ</strong></span> <span class='ocrx_word' id='word_1_339' title='bbox 1241 4144 1274 4191; x_wconf 78' lang='grc'><strong>12</strong></span> <span class='ocrx_word' id='word_1_340' title='bbox 1294 4143 1388 4192; x_wconf 71' lang='lat' dir='ltr'><strong>insece</strong></span> <span class='ocrx_word' id='word_1_341' title='bbox 1407 4139 1475 4208; x_wconf 75' lang='grc' dir='ltr'><em>Ε..ΙΙ</em></span> <span class='ocrx_word' id='word_1_342' title='bbox 1495 4143 1524 4191; x_wconf 83' lang='grc'><strong>14</strong></span> 
     </span>
     <span class='ocr_line' id='line_1_35' title="bbox 380 4220 1525 4297; baseline 0.002 -24"><span class='ocrx_word' id='word_1_343' title='bbox 380 4225 532 4277; x_wconf 89' lang='lat' dir='ltr'><strong>inbecillis:</strong></span> <span class='ocrx_word' id='word_1_344' title='bbox 551 4228 589 4275; x_wconf 86' lang='grc' dir='ltr'><strong>εἰσ</strong></span> <span class='ocrx_word' id='word_1_345' title='bbox 605 4226 693 4275; x_wconf 81' lang='lat' dir='ltr'><em>EGH.</em></span> <span class='ocrx_word' id='word_1_346' title='bbox 716 4222 731 4292; x_wconf 82' lang='grc' dir='ltr'><strong>ΙΙ</strong></span> <span class='ocrx_word' id='word_1_347' title='bbox 753 4227 785 4297; x_wconf 74' lang='grc'><strong>15</strong></span> <span class='ocrx_word' id='word_1_348' title='bbox 802 4229 959 4291; x_wconf 83' lang='lat' dir='ltr'><strong>permanet:</strong></span> <span class='ocrx_word' id='word_1_349' title='bbox 982 4240 1107 4290; x_wconf 86' lang='lat' dir='ltr'><strong>pesonau</strong></span> <span class='ocrx_word' id='word_1_350' title='bbox 1125 4224 1148 4274; x_wconf 78' lang='lat' dir='ltr'><strong>du</strong></span> <span class='ocrx_word' id='word_1_351' title='bbox 1165 4225 1191 4275; x_wconf 91' lang='grc' dir='ltr'><em>Ε</em></span> <span class='ocrx_word' id='word_1_352' title='bbox 1210 4224 1277 4288; x_wconf 81' lang='lat' dir='ltr'><strong>(sic).</strong></span> <span class='ocrx_word' id='word_1_353' title='bbox 1301 4221 1314 4290; x_wconf 89' lang='grc' dir='ltr'><strong>ΙΙ</strong></span> <span class='ocrx_word' id='word_1_354' title='bbox 1342 4227 1375 4277; x_wconf 73' lang='lat' dir='ltr'><strong>te</strong></span> <span class='ocrx_word' id='word_1_355' title='bbox 1397 4220 1525 4276; x_wconf 77' lang='lat' dir='ltr'><strong>exhedris</strong></span> 
     </span>
     <span class='ocr_line' id='line_1_36' title="bbox 360 4305 1524 4377; baseline 0.003 -21"><span class='ocrx_word' id='word_1_356' title='bbox 360 4308 466 4373; x_wconf 63' lang='grc' dir='ltr'><em>ΕΜ.</em></span> <span class='ocrx_word' id='word_1_357' title='bbox 487 4305 499 4375; x_wconf 76' lang='grc' dir='ltr'><em>Η</em></span> <span class='ocrx_word' id='word_1_358' title='bbox 523 4311 554 4360; x_wconf 83' lang='grc'><strong>17</strong></span> <span class='ocrx_word' id='word_1_359' title='bbox 574 4313 673 4376; x_wconf 71' lang='lat' dir='ltr'><strong>cestris</strong></span> <span class='ocrx_word' id='word_1_360' title='bbox 693 4311 723 4360; x_wconf 83' lang='lat' dir='ltr'><strong>G.</strong></span> <span class='ocrx_word' id='word_1_361' title='bbox 747 4307 760 4376; x_wconf 89' lang='grc' dir='ltr'><strong>ΙΙ</strong></span> <span class='ocrx_word' id='word_1_362' title='bbox 782 4309 905 4360; x_wconf 89' lang='lat' dir='ltr'><strong>eiusdem</strong></span> <span class='ocrx_word' id='word_1_363' title='bbox 922 4309 1009 4360; x_wconf 85' lang='lat' dir='ltr'><strong>modi:</strong></span> <span class='ocrx_word' id='word_1_364' title='bbox 1026 4312 1064 4360; x_wconf 80' lang='grc' dir='ltr'><strong>εἰσ</strong></span> <span class='ocrx_word' id='word_1_365' title='bbox 1081 4311 1167 4360; x_wconf 84' lang='lat' dir='ltr'><em>EGH.</em></span> <span class='ocrx_word' id='word_1_366' title='bbox 1191 4307 1203 4376; x_wconf 71' lang='lat' dir='ltr'><strong>ll</strong></span> <span class='ocrx_word' id='word_1_367' title='bbox 1226 4311 1358 4375; x_wconf 74' lang='lat' dir='ltr'><strong>pessuli.</strong></span> <span class='ocrx_word' id='word_1_368' title='bbox 1382 4306 1396 4377; x_wconf 88' lang='grc' dir='ltr'><strong>ΙΙ</strong></span> <span class='ocrx_word' id='word_1_369' title='bbox 1421 4313 1453 4362; x_wconf 86' lang='grc'><strong>18</strong></span> <span class='ocrx_word' id='word_1_370' title='bbox 1469 4311 1524 4360; x_wconf 80' lang='lat' dir='ltr'><strong>his:</strong></span> 
     </span>
     <span class='ocr_line' id='line_1_37' title="bbox 378 4391 1525 4461; baseline 0.001 -19"><span class='ocrx_word' id='word_1_371' title='bbox 378 4395 416 4442; x_wconf 81' lang='lat' dir='ltr'><strong>sic</strong></span> <span class='ocrx_word' id='word_1_372' title='bbox 433 4393 519 4444; x_wconf 83' lang='lat' dir='ltr'><em>EGH.</em></span> <span class='ocrx_word' id='word_1_373' title='bbox 547 4391 561 4461; x_wconf 81' lang='grc' dir='ltr'><strong>ΙΙ</strong></span> <span class='ocrx_word' id='word_1_374' title='bbox 585 4397 617 4444; x_wconf 84' lang='grc'><strong>19</strong></span> <span class='ocrx_word' id='word_1_375' title='bbox 634 4397 736 4446; x_wconf 85' lang='lat' dir='ltr'><strong>virtute</strong></span> <span class='ocrx_word' id='word_1_376' title='bbox 754 4397 834 4446; x_wconf 84' lang='lat' dir='ltr'><strong>EGH</strong></span> <span class='ocrx_word' id='word_1_377' title='bbox 856 4394 898 4458; x_wconf 87' lang='lat' dir='ltr'><strong>(L,</strong></span> <span class='ocrx_word' id='word_1_378' title='bbox 916 4395 1035 4446; x_wconf 85' lang='lat' dir='ltr'><strong>virtutes</strong></span> <span class='ocrx_word' id='word_1_379' title='bbox 1052 4395 1095 4460; x_wconf 80' lang='lat' dir='ltr'><strong>lc).</strong></span> <span class='ocrx_word' id='word_1_380' title='bbox 1120 4391 1132 4460; x_wconf 77' lang='grc' dir='ltr'><em>Η</em></span> <span class='ocrx_word' id='word_1_381' title='bbox 1154 4391 1342 4445; x_wconf 71' lang='lat' dir='ltr'><strong>ao‘aventino</strong></span> <span class='ocrx_word' id='word_1_382' title='bbox 1359 4395 1397 4446; x_wconf 79' lang='lat' dir='ltr'><strong>L:</strong></span> <span class='ocrx_word' id='word_1_383' title='bbox 1422 4394 1525 4446; x_wconf 75' lang='lat' dir='ltr'><strong>adven-</strong></span> 
     </span>
     <span class='ocr_line' id='line_1_38' title="bbox 378 4475 1524 4545; baseline 0.003 -19"><span class='ocrx_word' id='word_1_384' title='bbox 378 4478 436 4528; x_wconf 88' lang='lat' dir='ltr'><strong>tino</strong></span> <span class='ocrx_word' id='word_1_385' title='bbox 455 4476 534 4527; x_wconf 81' lang='lat' dir='ltr'><strong>EGH</strong></span> <span class='ocrx_word' id='word_1_386' title='bbox 552 4476 606 4544; x_wconf 81' lang='lat' dir='ltr'><strong>(lc).</strong></span> <span class='ocrx_word' id='word_1_387' title='bbox 626 4475 638 4544; x_wconf 82' lang='grc' dir='ltr'><em>Η</em></span> <span class='ocrx_word' id='word_1_388' title='bbox 660 4482 692 4529; x_wconf 91' lang='grc'><strong>21</strong></span> <span class='ocrx_word' id='word_1_389' title='bbox 712 4480 863 4530; x_wconf 79' lang='lat' dir='ltr'><strong>introduxit</strong></span> <span class='ocrx_word' id='word_1_390' title='bbox 882 4480 903 4530; x_wconf 82' lang='lat' dir='ltr'><em>G</em></span> <span class='ocrx_word' id='word_1_391' title='bbox 921 4480 982 4543; x_wconf 77' lang='lat' dir='ltr'><strong>(nou</strong></span> <span class='ocrx_word' id='word_1_392' title='bbox 999 4479 1045 4543; x_wconf 89' lang='grc' dir='ltr'><strong>Ε).</strong></span> <span class='ocrx_word' id='word_1_393' title='bbox 1061 4476 1074 4545; x_wconf 78' lang='grc' dir='ltr'><strong>ΙΙ</strong></span> <span class='ocrx_word' id='word_1_394' title='bbox 1089 4481 1122 4529; x_wconf 87' lang='grc'><strong>22</strong></span> <span class='ocrx_word' id='word_1_395' title='bbox 1140 4479 1217 4528; x_wconf 86' lang='lat' dir='ltr'><strong>XXX</strong></span> <span class='ocrx_word' id='word_1_396' title='bbox 1237 4479 1290 4529; x_wconf 82' lang='lat' dir='ltr'><strong>GH</strong></span> <span class='ocrx_word' id='word_1_397' title='bbox 1305 4477 1390 4543; x_wconf 66' lang='lat' dir='ltr'><strong>(aaz</strong></span> <span class='ocrx_word' id='word_1_398' title='bbox 1409 4479 1524 4545; x_wconf 70' lang='lat' dir='ltr'><strong>uiginti</strong></span> 
     </span>
     <span class='ocr_line' id='line_1_39' title="bbox 378 4559 1520 4630; baseline 0.003 -20"><span class='ocrx_word' id='word_1_399' title='bbox 378 4562 411 4612; x_wconf 88' lang='grc' dir='ltr'><strong>Ε.</strong></span> <span class='ocrx_word' id='word_1_400' title='bbox 435 4559 448 4626; x_wconf 81' lang='grc' dir='ltr'><em>Η</em></span> <span class='ocrx_word' id='word_1_401' title='bbox 470 4565 503 4613; x_wconf 85' lang='grc'><strong>23</strong></span> <span class='ocrx_word' id='word_1_402' title='bbox 521 4568 551 4612; x_wconf 85' lang='lat' dir='ltr'><strong>at</strong></span> <span class='ocrx_word' id='word_1_403' title='bbox 570 4563 591 4611; x_wconf 75' lang='lat' dir='ltr'><em>G</em></span> <span class='ocrx_word' id='word_1_404' title='bbox 609 4561 670 4627; x_wconf 83' lang='lat' dir='ltr'><em>(L):</em></span> <span class='ocrx_word' id='word_1_405' title='bbox 691 4563 726 4613; x_wconf 83' lang='lat' dir='ltr'><strong>ad</strong></span> <span class='ocrx_word' id='word_1_406' title='bbox 744 4565 775 4612; x_wconf 88' lang='lat' dir='ltr'><em>H</em></span> <span class='ocrx_word' id='word_1_407' title='bbox 790 4563 845 4630; x_wconf 86' lang='lat' dir='ltr'><strong>(lc).</strong></span> <span class='ocrx_word' id='word_1_408' title='bbox 868 4560 880 4630; x_wconf 76' lang='lat' dir='ltr'><strong>ll</strong></span> <span class='ocrx_word' id='word_1_409' title='bbox 904 4565 963 4628; x_wconf 87' lang='lat' dir='ltr'><strong>qui:</strong></span> <span class='ocrx_word' id='word_1_410' title='bbox 981 4568 1019 4614; x_wconf 82' lang='lat' dir='ltr'><strong>aie</strong></span> <span class='ocrx_word' id='word_1_411' title='bbox 1036 4563 1121 4616; x_wconf 82' lang='lat' dir='ltr'><em>EGH.</em></span> <span class='ocrx_word' id='word_1_412' title='bbox 1144 4560 1157 4630; x_wconf 75' lang='grc'><strong>11</strong></span> <span class='ocrx_word' id='word_1_413' title='bbox 1179 4565 1213 4613; x_wconf 77' lang='grc'><strong>24</strong></span> <span class='ocrx_word' id='word_1_414' title='bbox 1230 4563 1389 4613; x_wconf 76' lang='lat' dir='ltr'><strong>miniuciam</strong></span> <span class='ocrx_word' id='word_1_415' title='bbox 1407 4564 1494 4616; x_wconf 83' lang='grc' dir='ltr'><em>ΕθΗ.</em></span> <span class='ocrx_word' id='word_1_416' title='bbox 1508 4563 1520 4627; x_wconf 74' lang='lat' dir='ltr'><strong>il</strong></span> 
     </span>
     <span class='ocr_line' id='line_1_40' title="bbox 377 4645 1523 4713; baseline 0.006 -20"><span class='ocrx_word' id='word_1_417' title='bbox 377 4647 411 4694; x_wconf 85' lang='grc'><strong>25</strong></span> <span class='ocrx_word' id='word_1_418' title='bbox 430 4646 522 4695; x_wconf 84' lang='lat' dir='ltr'><strong>aridus</strong></span> <span class='ocrx_word' id='word_1_419' title='bbox 546 4646 629 4696; x_wconf 86' lang='lat' dir='ltr'><strong>fuerit</strong></span> <span class='ocrx_word' id='word_1_420' title='bbox 714 4648 783 4702; x_wconf 75' lang='lat' dir='ltr'><strong>doc:</strong></span> <span class='ocrx_word' id='word_1_421' title='bbox 813 4648 906 4699; x_wconf 83' lang='lat' dir='ltr'><strong>aridus</strong></span> <span class='ocrx_word' id='word_1_422' title='bbox 930 4645 987 4713; x_wconf 85' lang='lat' dir='ltr'><strong>[est</strong></span> <span class='ocrx_word' id='word_1_423' title='bbox 1009 4650 1166 4699; x_wconf 87' lang='lat' dir='ltr'><strong>subcretum</strong></span> <span class='ocrx_word' id='word_1_424' title='bbox 1250 4648 1337 4703; x_wconf 79' lang='lat' dir='ltr'><strong>EGH.</strong></span> <span class='ocrx_word' id='word_1_425' title='bbox 1366 4650 1419 4701; x_wconf 72' lang='lat' dir='ltr'><strong>eid.</strong></span> <span class='ocrx_word' id='word_1_426' title='bbox 1441 4649 1478 4699; x_wconf 76' lang='lat' dir='ltr'><strong>ud</strong></span> <span class='ocrx_word' id='word_1_427' title='bbox 1496 4662 1523 4712; x_wconf 64' lang='grc' dir='ltr'><strong><em>μ</em></strong></span> 
     </span>
     <span class='ocr_line' id='line_1_41' title="bbox 378 4731 665 4791; baseline 0.01 -14"><span class='ocrx_word' id='word_1_428' title='bbox 378 4731 435 4788; x_wconf 83' lang='grc'><strong>175,</strong></span> <span class='ocrx_word' id='word_1_429' title='bbox 453 4733 489 4779; x_wconf 83' lang='grc'><strong>22</strong></span> <span class='ocrx_word' id='word_1_430' title='bbox 506 4737 533 4780; x_wconf 80' lang='lat' dir='ltr'><strong>el</strong></span> <span class='ocrx_word' id='word_1_431' title='bbox 550 4733 606 4791; x_wconf 84' lang='lat'><strong><em>177,</em></strong></span> <span class='ocrx_word' id='word_1_432' title='bbox 625 4734 665 4781; x_wconf 86' lang='lat'><strong>10.</strong></span> 
     </span>
    </p>
   </div>
   <div class='ocr_carea' id='block_1_4' title="bbox 0 0 1896 5625">
    <p class='ocr_par' dir='ltr' id='par_1_4' title="bbox 0 0 1896 5625">
     <span class='ocr_line' id='line_1_42' title="bbox 0 0 1896 5625; baseline 0 7"><span class='ocrx_word' id='word_1_433' title='bbox 0 0 1896 5625; x_wconf 95' lang='lat' dir='ltr'><strong> </strong></span> 
     </span>
    </p>
   </div>
  </div>
 </body>
</html>
