3784 5625
382 598 446 663 310
516 591 526 604 “
552 584 617 657 'nn
639 607 801 658 mvnums
824 606 984 655 rnnnrcrs
1007 603 1346 654 aucurrncromcnn.

385 768 468 848 cies,
496 788 516 828 a
539 785 601 850 quo
630 764 770 850 primum
797 759 903 824 lineae
931 760 1083 824 horarum
1110 760 1250 846 partitae
1271 759 1452 845 aequaliter
1472 783 1529 825 no-

384 875 504 931 tantur.
555 865 633 928 item
666 862 766 927 alium
803 864 958 925 maiorem
994 860 1152 925 circulum
1184 860 1226 923 ab
1259 860 1372 925 codem
1409 872 1530 948 puncto

385 966 534 1051 angulari
556 965 669 1046 facies,
693 966 749 1050 qui
770 985 871 1051 prope
887 985 976 1027 oram
991 961 1176 1027 tabularum
1191 963 1344 1047 attingat,
1368 962 1411 1026 ad
1434 986 1530 1049 quem
1556 965 1558 969 ’

386 1068 521 1132 aestivis
554 1065 755 1154 temporibus
791 1065 962 1149 gnomonis
998 1063 1114 1127 umbra
1149 1064 1310 1149 pervenit.
1365 1065 1530 1131 subtilitas

387 1188 464 1255 ergo
493 1168 634 1255 disparis
663 1188 833 1229 mensurae
861 1166 901 1228 do
933 1167 1039 1251 spatio
1066 1164 1218 1230 horarum
1240 1166 1444 1251 expectanda
1465 1189 1566 1236 nono

387 1280 447 1353 est,
471 1268 601 1356 quando
623 1267 715 1331 aliud
736 1268 840 1331 maius
865 1277 896 1331 et
918 1265 1010 1329 aliud
1031 1268 1139 1330 minus
1162 1265 1366 1350 horologium
1387 1270 1466 1354 poni
1481 1292 1530 1334 so-

387 1372 481 1437 litum
503 1371 668 1451 videatur,
693 1365 728 1432 ct
746 1392 811 1433 non
833 1367 973 1455 amplius
996 1390 1100 1455 paene
1121 1367 1163 1430 ab
1187 1369 1337 1432 omnibus
1353 1371 1419 1433 nisi
1434 1362 1533 1455 quota

387 1475 430 1538 sit
453 1472 557 1537 solum
579 1472 701 1557 inquiri
716 1469 900 1534 festinetur.
938 1492 1081 1553 gnomon
1095 1471 1206 1555 itaque
1222 1470 1256 1532 in
1271 1470 1391 1554 angulo
1407 1494 1533 1536 summo

387 1576 555 1637 iuncturae
583 1570 750 1659 paululum
777 1570 908 1634 inclinis
941 1569 1087 1657 ponitur,
1122 1572 1178 1656 qui
1206 1570 1321 1634 umbra
1351 1594 1409 1637 sua
1437 1572 1534 1637 horas

389 1675 547 1758 designet.
593 1673 769 1737 constitues
802 1679 910 1735 autem
936 1671 1097 1755 horologii
1125 1681 1252 1757 partem
1280 1693 1344 1758 qua
1372 1672 1533 1736 decimam
1556 1694 1586 1741 10

388 1775 500 1840 horam
526 1774 654 1838 notabit
677 1784 788 1838 contra
811 1774 969 1837 orientem
990 1773 1275 1859 aequinoctialem,
1306 1774 1389 1837 sicut
1413 1774 1454 1836 de
1477 1796 1533 1838 ex-

347 1885 355 1905 ‘
390 1874 505 1962 emplis
528 1874 739 1939 multifariam
763 1875 979 1959 cognoscitur.
1024 1874 1227 1958 horologium
1243 1884 1353 1939 autem
1369 1875 1455 1962 quod
1479 1875 1534 1939 hc-

388 1976 565 2063 micyclion
586 1975 769 2062 appellatur
791 1975 891 2039 simili
918 1975 1015 2039 modo
1038 1976 1079 2038 de
1101 1974 1211 2061 lapide
1235 1977 1288 2039 vel
1311 1977 1351 2039 de
1374 1999 1535 2041 marmore

389 2101 465 2161 uno,
488 2087 641 2164 quattuor
663 2076 811 2162 partibus
834 2099 964 2141 sursum
986 2077 1157 2141 latioribus
1180 2077 1266 2142 infra
1288 2079 1534 2163 angustioribus

391 2189 611 2266 componatur,
635 2179 681 2241 ita
702 2188 739 2242 ut
761 2179 802 2241 ab
825 2188 900 2242 ante
924 2188 956 2242 et
971 2200 990 2241 a
1005 2188 1097 2263 tergo
1121 2178 1253 2243 latiores
1275 2188 1386 2266 partes
1402 2180 1533 2258 haheat,
1556 2198 1588 2246 15

390 2282 448 2345 sed
470 2281 560 2345 frons
588 2280 790 2366 aliquantum
819 2282 1001 2366 promineat
1023 2290 1121 2367 atque
1142 2281 1292 2344 umbram
1314 2279 1414 2346 faciat
1435 2283 1537 2346 maio-

389 2405 469 2448 rem.
514 2382 575 2447 sub
603 2381 664 2445 hac
686 2380 793 2445 fronte
820 2382 1004 2446 rotunditas
1026 2382 1069 2445 ad
1098 2383 1255 2447 circinum
1277 2392 1425 2466 notatur,
1455 2405 1539 2470 quae

391 2494 506 2548 cavata
527 2484 686 2549 introrsus
710 2483 939 2570 hemicyclium
961 2483 1061 2547 faciat
1077 2483 1217 2547 schema.
1255 2486 1290 2546 in
1305 2484 1366 2548 hac
1382 2494 1539 2549 cavatura

392 2595 458 2650 tres
481 2584 595 2649 circuli
615 2586 708 2666 fiunt,
732 2607 815 2649 unus
831 2607 932 2671 prope
949 2586 1169 2648 summitatem
1184 2583 1357 2670 horologii,
1380 2585 1463 2649 alius
1479 2608 1539 2672 per

392 2685 534 2749 mediam
561 2697 765 2769 cavaturam,
792 2688 909 2751 tertius
932 2708 1035 2773 prope
1057 2708 1145 2750 oram
1169 2687 1327 2771 signetur.
1370 2709 1390 2750 a
1411 2689 1591 2754 minorem

393 2809 470 2872 ergo
498 2787 618 2853 circulo
647 2810 750 2875 usque
778 2788 821 2853 ad
842 2789 998 2852 maiorem
1027 2781 1186 2852 circulum
1208 2787 1351 2853 horalcm
1373 2811 1437 2853 una
1459 2800 1491 2855 et
1514 2809 1539 2854 x

393 2889 498 2954 lineae
525 2888 668 2954 directae
696 2890 825 2977 aequali
852 2892 1027 2977 partitione
1050 2889 1228 2972 ducantur,
1260 2914 1343 2977 quae
1364 2891 1459 2956 horas
1483 2891 1539 2956 de-

392 3000 584 3056 monstrent.
628 3014 685 3078 per
711 2992 855 3057 medium
887 3015 965 3056 vero
994 2991 1225 3078 hemicyclium
1252 3015 1350 3078 supra
1379 2993 1540 3056 minorem

393 3091 552 3157 circulum
566 3091 702 3178 planitia
716 3093 863 3179 aequalis
880 3092 1044 3158 subtiliori
1059 3093 1276 3157 crassitudine
1291 3094 1360 3176 fiat,
1373 3103 1411 3158 ut
1424 3104 1540 3180 aperta

393 3192 595 3258 rotunditate
617 3192 747 3280 digitali
772 3194 902 3258 facilius
926 3195 1005 3259 solis
1027 3193 1139 3258 radius
1161 3194 1290 3260 infusus
1313 3218 1371 3282 per
1385 3218 1537 3261 numeros
1558 3211 1592 3259 ‘25

393 3294 551 3358 linearum
573 3296 670 3360 horas
694 3296 905 3361 demonstret.
950 3297 1066 3361 hiemis
1090 3318 1166 3380 ergo
1188 3301 1413 3384 temporc'pcr
1434 3298 1539 3362 mino-

393 3418 462 3460 rem
484 3396 640 3460 circulum
662 3397 816 3462 horarum
836 3420 987 3463 numeros
1010 3397 1172 3481 servabit,
1205 3397 1435 3485 aequinoctiali
1457 3408 1539 3463 tcm-

464 3635 568 3686 llinco
586 3653 612 3700 p.
636 3632 649 3701 ΙΙ
672 3638 809 3687 amatore
829 3636 885 3701 (oio)
903 3656 944 3704 ap.
961 3634 973 3704 {l
995 3642 1011 3690 3
1029 3638 1159 3704 angulari
1175 3654 1220 3702 op:
1241 3639 1336 3704 anguli
1354 3642 1404 3691 ed..
1427 3636 1439 3705 ΙΙ
1464 3655 1541 3690 oram

394 3723 450 3795 ed:
467 3720 596 3772 horarum
613 3739 655 3786 ap.
678 3718 689 3788 ΙΙ
713 3723 728 3772 5
748 3721 998 3787 disparimensurae
1016 3741 1039 3782 v,
1059 3723 1255 3788 dispariffisure
1278 3741 1305 3788 p.
1328 3721 1341 3790 ΙΙ
1363 3725 1379 3773 6
1402 3725 1490 3774 maius
1506 3742 1540 3790 p:

395 3806 483 3857 malus
500 3823 523 3856 v.
543 3802 556 3872 {l
578 3807 667 3856 minus
685 3822 716 3872 p:
735 3822 831 3857 manus
848 3825 870 3861 a.
895 3805 907 3874 Η
930 3809 995 3873 poni
1012 3810 1066 3860 ed:
1085 3822 1172 3871 pones
1189 3826 1229 3872 up.
1251 3804 1263 3874 [l
1286 3810 1301 3857 7
1320 3823 1406 3872 poene
1423 3825 1450 3867 v,
1470 3824 1541 3872 pene

394 3909 420 3957 p.
445 3887 496 3959 11,ss
515 3906 633 3955 gnomon
649 3909 680 3956 p:
700 3893 824 3957 griomon
842 3910 863 3945 υ.
887 3889 899 3959 ΙΙ
921 3892 1148 3958 inaugulossirmo
1164 3909 1193 3956 p.
1214 3889 1226 3958 ΙΙ
1250 3895 1266 3943 9
1284 3891 1424 3956 paulolum
1441 3910 1464 3942 o.
1480 3890 1493 3957 ll
1510 3896 1540 3942 11

396 3977 505 4028 notabit
522 3992 584 4041 epo:
603 3977 713 4027 notauit
729 3994 752 4036 v,
770 3981 837 4028 nota
854 3980 886 4026 ut
901 3993 930 4041 p.
953 3974 965 4042 ΙΙ
989 3979 1020 4026 12
1039 3976 1194 4027 multifaria
1205 3994 1246 4041 vp.
1268 3973 1281 4042 [J
1304 3975 1340 4042 qd
1358 3977 1542 4041 demicyclion

395 4079 436 4126 ap.
464 4057 476 4128 ΙΙ
505 4063 536 4111 13
554 4076 687 4112 mormore
709 4079 735 4126 p.
764 4058 776 4127 ΙΙ
805 4063 836 4110 14
858 4076 951 4111 susum
973 4078 1014 4125 op.
1039 4057 1051 4126 ΙΙ
1074 4062 1106 4111 15
1128 4061 1168 4110 ita
1190 4067 1233 4110 ut:
1255 4063 1294 4111 sie
1315 4079 1356 4127 op.
1380 4057 1393 4126 ss
1417 4061 1448 4109 16
1466 4061 1542 4112 frons

395 4164 426 4211 p:
447 4147 509 4196 sons
526 4163 549 4197 v.
574 4141 586 4211 ΙΙ
609 4146 699 4196 faciat
716 4147 771 4196 ed:
790 4146 899 4196 faciant
916 4163 958 4210 op.
979 4142 992 4211 ΙΙ
1016 4147 1047 4195 lv
1066 4146 1157 4195 fronte
1175 4147 1230 4194 ed:
1249 4145 1356 4196 frontes
1373 4163 1413 4210 op.
1436 4142 1449 4211 ΙΙ
1470 4147 1543 4196 noti-

397 4237 443 4282 tur
460 4247 482 4284 v.
506 4225 518 4295 ΙΙ
542 4230 574 4279 18
591 4229 726 4280 introrsus
744 4230 792 4293 (sic
809 4232 866 4281 Pol.
885 4247 920 4281 ea
941 4232 1001 4280 Vat.
1019 4228 1047 4294 2)
1070 4229 1278 4294 hemicyclium:
1301 4232 1455 4283 introeasus
1479 4231 1544 4280 emi·

399 4315 488 4380 cyclio
501 4333 524 4374 v,
542 4314 681 4365 introrasu
697 4314 857 4380 semicyclio
873 4311 930 4381 11.ss
946 4329 1037 4366 scema
1054 4332 1096 4380 op.
1118 4311 1131 4380 ΙΙ
1155 4317 1186 4366 19
1204 4315 1327 4380 pmedia
1344 4334 1365 4369 υ.
1390 4312 1403 4381 ΙΙ
1421 4318 1455 4365 20
1467 4330 1544 4365 oram

397 4402 483 4452 Man:
506 4399 602 4450 horam
624 4417 665 4463 ap.
692 4397 705 4466 [l
726 4402 758 4450 21
777 4415 860 4449 unum
879 4398 944 4450 &X
962 4418 987 4456 v,
1010 4398 1107 4450 unu&
1129 4401 1196 4451 doce
1216 4419 1244 4466 p.
1268 4398 1280 4467 ΙΙ
1302 4403 1335 4452 23
1353 4399 1544 4464 semicyclium

397 4503 439 4549 op.
463 4482 476 4552 ll
497 4485 601 4536 minore
618 4502 659 4549 vp.
684 4480 696 4550 ΙΙ
718 4486 751 4533 24
770 4483 943 4549 grasitudine
961 4501 983 4542 a,
1002 4485 1187 4549 grassitudine
1203 4503 1231 4550 p.
1254 4483 1266 4552 ΙΙ
1289 4487 1323 4535 25
1346 4485 1544 4535 rotunditatem

400 4568 471 4633 (—te
486 4567 518 4634 p)
536 4586 577 4633 op.
600 4566 612 4635 ΙΙ
635 4568 764 4635 dignitali
782 4587 795 4619 υ
814 4569 876 4633 (non
892 4567 932 4633 p).
953 4565 966 4635 ΙΙ
988 4572 1021 4619 26
1039 4569 1188 4620 demostret
1205 4587 1227 4620 o.
1254 4567 1267 4637 ll
1287 4572 1320 4620 27
1343 4568 1470 4621 servabit
1487 4571 1543 4620 ed:

400 4654 523 4704 servavit
540 4655 653 4715 (seruari
669 4650 673 4719 Ι
688 4653 717 4717 p)
735 4670 775 4718 vp.
1414 4650 1423 4658 ’
