3784 5625
1474 670 1511 717 xl

427 829 550 884 buerunt
564 829 700 896 Poleuas,
726 828 853 894 Galiani.
876 829 906 881 F
904 843 949 889 ea,
966 827 1084 882 Marini.
1105 828 1276 883 Loreutzeu.
1312 844 1375 883 eum
1392 829 1462 884 nihil
1477 830 1513 884 de

426 929 460 969 eo
470 914 632 984 prodiderit
647 912 764 980 Jlorim,
793 913 964 967 lectionibus
986 928 1059 984 qaas
1076 912 1193 967 Galiaui
1209 915 1321 982 passim
1344 916 1511 969 raemoraeit

428 1000 476 1053 hic
490 1000 551 1053 illic
566 1004 653 1053 caute
668 1005 744 1053 ator.

363 1073 430 1161 [s]:
451 1083 481 1136 F
486 1082 749 1137 raneheranus
774 1076 1000 1153 („oelerrimus·⁴
1024 1088 1095 1135 teste
1124 1075 1322 1151 Oudendorpi.
1368 1085 1509 1154 iuteqrum

427 1170 546 1223 contulit
561 1168 735 1222 Frisemaun
754 1161 811 1238 (im
833 1166 970 1238 Ilaqaziu
984 1165 1040 1236 seir
1056 1165 1231 1237 Philoloqen.
1246 1166 1301 1238 Hq.
1321 1183 1371 1221 coa
1386 1167 1513 1237 Ruperti

430 1254 490 1307 und
503 1252 715 1307 Schtichthorst
731 1251 786 1305 Bd.
805 1255 829 1305 2.
847 1252 971 1305 Bremea
991 1252 1063 1303 179:
1074 1268 1108 1321 p.
1128 1247 1307 1323 lis-lis).

364 1420 405 1476 G.-
427 1420 616 1476 Gudianus
639 1415 730 1493 (nune
751 1420 816 1475 bibl.
847 1414 1144 1492 II'oIfeubutteieusis)
1169 1421 1214 1484 oe,
1237 1434 1315 1474 saec.
1334 1419 1382 1474 XI
1399 1419 1453 1490 sol.
1471 1421 1511 1473 Sl

425 1520 481 1576 per
491 1506 575 1561 binas
583 1508 710 1577 paqiuae
722 1506 872 1559 columnas
884 1498 973 1576 (vers.
986 1500 1035 1578 33)
1045 1506 1225 1575 pulcerrime
1237 1508 1374 1575 scriptus.
1389 1506 1512 1558 alterum

348 1629 354 1644 .
426 1593 456 1646 in
471 1591 569 1646 eodem
585 1592 724 1645 uolumine
736 1597 839 1657 postea
856 1596 1006 1659 compacto
1022 1590 1147 1645 codicem
1165 1590 1310 1644 adueaam
1325 1589 1411 1643 habet
1425 1583 1462 1660 (f.
1474 1590 1513 1642 so

430 1670 539 1748 —11÷l)
562 1676 676 1729 saeculi
694 1673 761 1728 XII
779 1677 830 1745 qui
852 1674 1003 1743 Theophili
1027 1675 1061 1728 de
1083 1674 1204 1728 diuersis
1225 1674 1338 1729 artibus
1359 1675 1513 1743 exemplar

426 1762 553 1814 continet
567 1759 604 1813 ab
618 1759 765 1830 Lessinqio
782 1760 896 1814 editum.
923 1759 971 1813 hic
985 1762 1013 1813 in
1029 1760 1088 1829 fine
1103 1760 1220 1813 iniitilus
1233 1757 1305 1828 sotio
1324 1760 1376 1811 llo*
1393 1758 1512 1813 saeculo

426 1843 460 1898 Χ
465 1843 610 1913 Vscripto
627 1849 731 1898 auctus
747 1849 797 1897 est.
839 1844 964 1899 Vitrurio
980 1849 1075 1897 autem
1091 1846 1141 1914 qui
1156 1845 1236 1897 titulo
1253 1842 1374 1897 carebat
1391 1859 1408 1896 a
1425 1858 1512 1896 inauu

425 1943 485 1982 rec.
502 1922 593 2000 (saec.
611 1928 672 1981 XV
685 1929 783 1982 eodem
799 1931 861 1983 scil.
878 1943 955 1999 quoe
969 1930 1083 1982 litteras
1097 1927 1125 1981 Ι)
1146 1934 1173 1981 et
1192 1927 1217 1981 Τ
1238 1927 1359 1982 I’itruuii
1373 1933 1400 1979 et
1419 1927 1443 1980 Τ
1442 1926 1510 1980 heo-

421 2013 497 2082 phili
515 2015 603 2067 initiis
622 2015 652 2066 iu
674 2028 765 2067 rocuo
788 2008 907 2086 addidit)
931 2029 1023 2082 supra
1045 2001 1184 2082 scriptum
1200 2018 1242 2066 est
1258 2014 1286 2066 iu
1307 2010 1332 2082 f.
1359 2014 1372 2063 Ι
1393 2008 1435 2069 M.
1459 2008 1511 2067 vi·

425 2094 516 2151 truvii
533 2094 572 2151 de
588 2093 791 2152 architectura
804 2095 885 2155 libri.
916 2094 1032 2172 incipit
1050 2094 1130 2152 liber
1146 2094 1172 2153 I.
1202 2097 1280 2151 liuue
1300 2097 1425 2150 codicem
1445 2101 1513 2150 autc

425 2196 469 2235 me
484 2182 692 2236 consuluerunt
707 2182 788 2236 Rode
810 2187 837 2237 et
858 2181 1034 2250 Schneider,
1057 2182 1110 2236 sed
1127 2196 1218 2251 opero
1244 2182 1403 2236 desultoria
1426 2187 1513 2251 atquo

427 2265 577 2320 erroribus
591 2268 716 2319 incerto.

363 2348 405 2403 E.-
428 2348 617 2406 Gudianus
633 2352 729 2405 alter
745 2353 808 2418 132,
826 2369 889 2405 aar.
907 2368 984 2405 inan.
1002 2365 1061 2403 scr.
1079 2363 1157 2404 saec.
1173 2348 1266 2419 Ποῖ.
1285 2351 1340 2404 leis
1353 2343 1441 2420 (vers.
1459 2343 1510 2420 el)

427 2438 552 2489 continet
566 2418 724 2505 primum‘f.
741 2436 842 2488 1-48
866 2435 1023 2489 I'itraeium
1034 2447 1092 2503 per
1101 2438 1205 2502 partos
1221 2439 1392 2501 excerptum
1409 2438 1437 2485 et
1453 2434 1512 2486 sin-

426 2521 502 2590 qutis
523 2521 662 2587 epitomae
683 2520 819 2589 capitulis
840 2520 1059 2588 interpolatum,
1081 2517 1136 2571 hoo
1158 2517 1272 2571 ordine:
1303 2531 1348 2585 ep.
1375 2519 1398 2570 1.
1419 2519 1435 2568 :²
1457 2509 1514 2588 (ea

436 2601 505 2657 Vitr.
526 2602 613 2673 1)-
644 2603 714 2657 Vitr.
737 2602 773 2658 II
793 2603 894 2673 praef.
913 2632 950 2641 —
967 2618 1012 2672 ep.
1031 2604 1102 2655 3-7
1127 2594 1179 2672 (eae
1204 2600 1274 2657 eiu.
1306 2596 1390 2671 I'III)
1411 2631 1447 2642 —
1465 2615 1511 2670 ep.

427 2690 518 2741 8-12
547 2682 600 2759 (eae
628 2687 698 2742 Vitr.
721 2684 768 2762 II)
788 2717 824 2726 -
856 2688 924 2743 Vitr.
946 2686 999 2742 III
1015 2684 1115 2757 praef.
1139 2691 1166 2739 et
1187 2700 1252 2754 cap.
1272 2687 1288 2737 Ι
1307 2714 1341 2723 -
1370 2685 1438 2739 I’itr.
1476 2683 1518 2740 I'I

424 2770 524 2842 praef.
543 2778 570 2827 et
591 2787 616 2827 e.
640 2774 664 2826 1.
690 2775 707 2825 2
725 2801 759 2809 —
778 2788 823 2843 ep.
843 2775 951 2827 13-15
969 2765 1021 2844 (ea
1045 2770 1114 2827 Vitr.
1140 2764 1191 2843 ΓΙ)
1212 2798 1247 2807 -
1266 2785 1311 2839 ep.
1331 2772 1439 2825 lb-li
1458 2763 1512 2844 (ec

436 2855 504 2911 Vitr.
537 2852 572 2930 V)
592 2885 628 2895 -
652 2871 697 2926 ep.
723 2860 832 2912 ls--2o
855 2852 908 2930 (eo
938 2857 1007 2911 Vitr.
1034 2851 1102 2927 VII)
1122 2883 1158 2893 -
1185 2855 1254 2909 l'itr.
1287 2854 1345 2910 I'II
1362 2855 1516 2909 achad

425 2941 477 3011 fio.
497 2969 532 2980 -
559 2941 628 2996 Vite.
654 2941 729 2996 VIII
743 2936 822 3014 (eac.
840 2959 865 2996 c.
883 2944 910 3009 8,
929 2944 953 3009 1,
973 2943 1052 2994 1-6.
1070 2942 1097 3003 S,
1119 2943 1146 2992 5.
1166 2941 1193 3008 S,
1216 2934 1414 3012 o,1-la)-
1443 2939 1512 2996 I'itr.

425 3025 476 3079 IX
489 3019 568 3096 (eac.
586 3027 611 3093 9,
638 3028 665 3096 7,
683 3022 791 3098 2sqq.)
813 3056 848 3064 —
881 3026 951 3080 Vitr.
966 3026 999 3079 X
1012 3023 1114 3094 praes.
1140 3028 1167 3077 ct
1187 3039 1212 3078 c.
1232 3026 1311 3090 lim,
1338 3039 1363 3078 c.
1380 3026 1405 3091 tl,
1424 3040 1450 3079 c.
1467 3027 1512 3092 eo,

428 3111 518 3181 2sqq.
533 3138 568 3148 -
584 3118 744 3181 sequuntur
760 3117 902 3179 excerpto
918 3113 1002 3164 oorio
1018 3109 1160 3163 Martioni
1172 3113 1238 3177 etc.‚
1255 3108 1403 3162 Prisciani
1417 3109 1451 3162 dc
1463 3110 1513 3181 qiq.

427 3208 513 3263 oum,
531 3196 655 3249 eiusdem
668 3197 842 3263 partitiones
857 3192 922 3248 XII
941 3209 1016 3248 vers.
1034 3192 1152 3247 Aeneid.
1176 3194 1393 3263 principalium,
1410 3192 1439 3247 in
1454 3194 1513 3263 tiae

427 3279 616 3349 ortoqrophio
647 3279 757 3334 Bedoe.
785 3308 820 3316 —
844 3281 873 3332 in
899 3280 1031 3348 morqine
1059 3275 1203 3346 inferiore
1221 3276 1275 3347 sol.
1308 3268 1352 3329 11δ
1374 3276 1514 3330 membra·

428 3377 484 3415 noe
505 3364 579 3431 stylo
609 3350 826 3432 impressa'oioc
854 3363 1061 3416 discernuntur
1082 3360 1170 3415 aerbo
1199 3360 1288 3416 hoec:
1313 3356 1513 3417 Saliustionus

430 3441 559 3501 dIcultor
588 3440 647 3518 (dei
668 3448 772 3502 cultor,
803 3445 844 3516 cf.
867 3460 960 3516 supra
984 3447 1019 3500 de
1034 3440 1081 3518 L).
1108 3473 1142 3482 -
1167 3450 1289 3517 uterque
1313 3445 1463 3501 Gudianus
1482 3448 1513 3500 iu

429 3529 583 3586 Germania
599 3529 809 3600 somptuosum,
827 3533 901 3585 sicut
918 3531 1031 3584 codices
1052 3529 1172 3584 Vitraoii
1181 3531 1313 3600 plerique
1329 3545 1434 3585 omues.
1459 3543 1514 3584 aec

429 3617 530 3669 mirum
546 3620 597 3670 est.
634 3632 701 3669 nom
718 3615 754 3669 ab
769 3617 886 3669 interitu
903 3620 1049 3669 servatum
1074 3613 1195 3668 Vitruaii
1216 3628 1288 3685 opus
1304 3613 1448 3669 Einharto
1463 3615 1512 3669 de-

429 3696 526 3753 bemus
542 3704 569 3754 et
585 3697 688 3754 Coreto
704 3698 822 3770 Maqno.

366 3863 502 3921 Codicum
518 3866 542 3920 G
564 3872 591 3920 et
607 3866 640 3920 Η
651 3867 789 3922 lectiones
813 3862 946 3941 (praeter
962 3860 1218 3938 orthoqrophicos)
1237 3866 1334 3937 offero
1350 3879 1454 3932 onioes,
1472 3867 1513 3919 ito

429 3951 540 4020 quidem
555 3955 587 4004 ut
605 3949 703 4018 ,‚GH“
720 3953 793 4006 idem
814 3954 850 4005 sit
871 3967 907 4005 oc
929 3952 1065 4019 „codices
1080 3949 1206 4018 omned‘,
1225 3952 1402 4020 reliquorum
1418 3953 1514 4003 autem

430 4035 556 4089 codicum
573 4039 624 4105 qai
636 4034 762 4103 pendent
774 4036 810 4089 ob
823 4034 856 4088 Η
867 4036 907 4089 ibi
923 4039 1032 4090 tantum
1048 4034 1092 4088 vel
1108 4048 1267 4090 consensus
1283 4035 1326 4088 oei
1341 4033 1512 4102 discrepan-

429 4120 468 4171 tia
489 4123 605 4173 notetur
625 4118 675 4172 ubi
695 4119 835 4188 differant
859 4118 883 4172 G
904 4126 931 4173 et
946 4120 991 4187 H,
1016 4120 1034 4174 h
1055 4119 1176 4188 denique
1197 4133 1253 4172 non
1276 4122 1515 4172 commemoretur

429 4203 539 4256 omnino
554 4204 611 4257 nisi
625 4201 676 4256 eibi
691 4202 861 4256 dissentiant
876 4205 885 4256 t
903 4207 930 4256 et
946 4218 971 4258 c.
1005 4203 1111 4256 codicis
1133 4207 1219 4255 notua
1241 4203 1268 4255 si
1288 4201 1405 4257 odditm·
1427 4216 1443 4256 c
1464 4203 1513 4255 mi·

429 4290 542 4353 nutum,
568 4293 672 4340 aetus
693 4292 919 4340 correctura
940 4288 1123 4358 siqnificotur
1150 4279 1221 4357 (siae
1247 4287 1339 4356 ipsius
1361 4287 1515 4356 scriptoris

430 4369 506 4438 quod
524 4385 626 4424 rarum
646 4375 689 4424 est
704 4372 763 4425 siae
779 4373 958 4425 correctoris
972 4365 1105 4442 antiqui).
1148 4371 1274 4425 uirorum
1289 4371 1439 4427 doctorum
1455 4370 1513 4424 edi-

429 4458 578 4523 torumque
591 4455 778 4508 coniecturos
790 4447 843 4525 (ea
853 4453 975 4508 Morinii
986 4456 1095 4523 partim
1109 4449 1259 4528 thesauro)
1274 4469 1326 4510 eos
1342 4460 1451 4509 tontum
1465 4470 1514 4509 no·

428 4537 554 4590 minotim
570 4537 667 4607 affero
683 4553 757 4608 quos
778 4551 920 4592 consensu
936 4552 997 4592 meo
1010 4538 1205 4607 probaverim.
1236 4540 1339 4611 quibus
1360 4541 1385 4594 si
1400 4539 1515 4611 quando

429 4623 511 4673 oncis
522 4622 665 4675 inclusum
681 4623 808 4676 addatur
817 4621 927 4690 „rec.“,
943 4623 1062 4676 eoadem
1077 4625 1134 4678 iam
1146 4625 1372 4679 emendationem
1385 4624 1515 4678 codicum

429 4706 586 4757 recentium
603 4700 853 4776 (Marinianorum
869 4708 913 4761 oet
928 4705 1047 4762 Militari
1057 4703 1300 4783 Londiniensium)
1314 4708 1409 4779 fuisse
1425 4710 1513 4762 scias.
