3784 5625
378 624 438 686 120
864 636 1022 683 vrrauvu

336 774 347 794 ’
375 792 534 873 facienda,
558 791 644 876 quod
667 792 806 876 primum
828 790 863 850 in
885 789 951 850 ima
973 788 1183 850 circinatione
1205 796 1241 851 ut
1262 789 1298 851 in
1319 788 1438 850 Latino
1461 788 1517 850 tri-

375 914 531 977 gonorum
560 910 631 972 1111,
659 893 695 955 in
723 912 759 953 eo
791 889 1022 975 quadratorum
1043 890 1141 953 trium
1162 888 1275 973 anguli
1297 889 1518 954 circinationis

378 994 499 1057 lineam
519 1001 675 1076 tangunt,
700 1002 731 1054 et
754 992 844 1054 cuius
869 989 1019 1076 quadrati
1042 989 1126 1063 latus
1149 999 1199 1054 est
1220 992 1408 1075 proximum
1430 1012 1517 1053 scae·
1561 1015 1566 1021 ·

378 1117 439 1157 nae
471 1094 695 1179 praeciditque
729 1100 937 1155 curvaturam
964 1092 1202 1175 circinationis,
1237 1114 1275 1154 ea
1302 1092 1438 1176 regione
1465 1092 1519 1155 de·

343 1198 525 1279 5signatur
551 1195 655 1258 finitio
683 1194 875 1280 proscaenii.
926 1204 958 1257 et
985 1193 1027 1256 ab
1056 1214 1094 1255 ea
1122 1193 1256 1277 regione
1276 1191 1320 1256 ad
1343 1201 1520 1256 extremam

377 1298 618 1361 circinationem
647 1303 841 1368 curvaturae
862 1294 1034 1381 parallelos
1057 1293 1143 1356 linea
1164 1294 1373 1378 designatur,
1402 1295 1522 1380 inqua

377 1398 585 1462 constituitur
607 1397 697 1461 frons
722 1418 868 1479 scaenae,
892 1418 951 1483 per
973 1406 1183 1481 centrumque
1206 1395 1392 1459 orchestrae
1406 1418 1426 1458 a
1449 1419 1519 1481 pro-

378 1500 499 1564 scaenii
521 1484 660 1582 'regione
687 1497 864 1583 parallelos
881 1498 967 1560 linea
989 1497 1187 1561 describitur
1209 1507 1241 1561 et
1263 1520 1328 1584 qua
1349 1507 1439 1561 secat
1461 1498 1520 1560 cir·

379 1601 552 1665 cinationis
581 1598 683 1662 lineas
716 1600 833 1663 dextra
865 1621 904 1661 ac
937 1599 1069 1662 sinistra
1101 1599 1135 1660 in
1158 1599 1309 1663 cornibus
1337 1598 1522 1684 hemicyclii

331 1715 362 1762 10
379 1711 491 1766 centra
506 1703 689 1784 signantur,
713 1711 745 1765 et
761 1701 882 1770 circino
899 1699 1065 1763 conlocato
1088 1700 1122 1761 in
1144 1699 1262 1764 dextro
1284 1700 1326 1763 ab
1349 1699 1521 1764 intervallo

380 1803 512 1866 sinistro
528 1803 760 1886 circumagitur
774 1801 942 1865 circinatio
958 1800 1002 1864 ad
1014 1803 1196 1887 proscaenii
1208 1803 1374 1865 sinistram
1386 1810 1522 1888 partem.

381 1905 459 1967 item
487 1913 599 1967 centro
622 1903 788 1968 conlocato
810 1905 845 1966 in
868 1904 1000 1967 sinistro
1023 1924 1124 1966 cornu
1146 1902 1187 1966 ab
1210 1903 1384 1968 intervallo
1407 1903 1523 1967 dextro

381 2005 612 2088 circumagitur
633 2006 675 2068 ad
697 2006 879 2091 proscaenii
901 2004 1052 2068 dextram
1073 2013 1209 2089 partem.
1253 2006 1300 2069 ita
1321 2004 1426 2070 tribus
1449 2025 1554 2071 cen-a

381 2108 441 2171 tris
474 2105 535 2169 hac
562 2106 782 2191 descriptione
810 2105 1001 2192 ampliorem
1028 2105 1151 2169 habent
1178 2107 1379 2171 orchestram
1406 2108 1524 2172 Graeci

332 2219 363 2267 15
381 2217 413 2271 et
434 2228 583 2271 scaenam
606 2209 815 2271 recessiorem
837 2210 1025 2293 minoreque
1047 2206 1219 2271 latitudine
1242 2207 1416 2294 pulpitum,
1439 2208 1524 2296 quod

382 2312 515 2391 λογειον
543 2309 725 2395 appellant,
763 2310 836 2374 ideo
867 2311 954 2395 quod
990 2330 1026 2372 eo
1063 2310 1180 2392 tragici
1217 2319 1249 2373 et
1286 2310 1401 2373 comici
1438 2319 1522 2373 acto-

381 2431 432 2473 res
466 2412 500 2473 in
528 2432 645 2474 scaena
677 2420 860 2497 peragunt,
895 2410 1014 2497 reliqui
1047 2396 1157 2473 autem
1189 2410 1330 2474 artifices
1364 2434 1439 2475 suas
1468 2433 1524 2499 per

382 2511 581 2574 orchestram
596 2522 764 2600 praestant
786 2514 931 2576 actiones
960 2513 1070 2598 itaque
1099 2533 1142 2573 ex
1169 2534 1206 2575 eo
1229 2513 1371 2575 scaenici
1394 2523 1427 2576 et
1449 2513 1519 2599 thy-

384 2611 491 2676 melici
511 2635 627 2697 graece
643 2616 817 2701 separatim
837 2616 1055 2678 nominantur.
1100 2614 1170 2677 eius
1192 2612 1279 2697 logei
1300 2613 1441 2678 altitudo
1461 2636 1523 2677 non

333 2726 367 2773 20
383 2714 490 2775 minus
518 2713 617 2780 dehet
645 2738 716 2779 esse
743 2715 862 2802 pedum
885 2734 925 2796 x,
954 2738 1019 2779 non
1041 2714 1113 2799 plus
1136 2713 1318 2782 duodecim.
1361 2715 1522 2799 gradatio-

384 2837 442 2877 nes
470 2814 629 2880 sealarum
656 2819 741 2880 inter
768 2839 887 2881 cuneos
910 2826 942 2880 et
965 2817 1059 2880 sedes
1082 2825 1195 2880 contra
1217 2817 1450 2902 quadratorum
1471 2841 1522 2880 an-

321 2904 348 2952 '=
384 2914 477 2998 gulos
501 2917 685 3000 dirigantur
707 2918 749 2980 ad
771 2919 909 3004 primam
931 2919 1220 3004 praecinctionem,
1245 2942 1264 2981 a
1285 2919 1523 3006 praecinctione

385 3017 546 3080 intereas
569 3019 687 3081 iterum
709 3020 835 3081 mediae
858 3020 1053 3103 dirigantur,
1077 3029 1110 3083 et
1132 3020 1174 3083 ad
1196 3029 1354 3084 summam
1377 3021 1523 3108 quotiens

385 3119 650 3204 praecinguntur,
673 3121 774 3185 altero
797 3130 888 3184 tanto
911 3143 1040 3206 semper
1061 3121 1309 3208 amplificantur.

452 3310 470 3357 4
488 3312 634 3360 curvatura
652 3311 840 3360 circinationis
860 3311 881 3360 G
900 3307 962 3373 (L):
986 3315 1135 3360 curvatura
1158 3310 1347 3361 circinationis
1375 3313 1402 3360 H
1421 3311 1524 3375 (curva-

385 3396 449 3442 tura
466 3395 683 3457 praecinationis
701 3396 742 3458 lc).
764 3392 776 3461 ll
801 3399 816 3445 6
836 3400 982 3460 curvatura
997 3393 1001 3458 1
1018 3412 1068 3459 par
1085 3394 1203 3459 pallens
1224 3396 1301 3445 linea
1323 3395 1488 3446 describitur
1506 3397 1527 3446 (ι’

387 3473 425 3538 (ut
443 3493 459 3525 a
476 3481 556 3540 primo
575 3479 724 3543 parallelos
742 3482 811 3530 caius
829 3483 951 3544 reliquom
968 3487 1006 3529 est
1029 3496 1080 3544 par
1100 3495 1178 3544 atque
1195 3482 1231 3530 od
1251 3484 1357 3530 alterum
1380 3480 1527 3544 parallelos

386 3562 468 3610 media
494 3562 572 3611 verbo
593 3567 751 3627 ceciderint,
776 3580 840 3629 quae
862 3564 937 3612 habet
955 3565 984 3612 H
1000 3580 1054 3613 cum
1070 3563 1142 3626 suis).
1163 3560 1175 3628 ΙΙ
1198 3566 1212 3613 7
1232 3581 1249 3614 a
1266 3566 1363 3621 addidi,
1382 3569 1414 3613 nt
1430 3582 1452 3614 υ.
1470 3569 1487 3614 5
1503 3571 1528 3614 et

386 3662 412 3709 p.
428 3648 484 3702 117,
498 3650 523 3695 6.
539 3641 551 3711 Η
571 3649 587 3696 8
600 3664 648 3711 per
660 3647 757 3698 alleles
770 3651 799 3698 H
811 3646 877 3710 (Ltc,
894 3647 1013 3712 pallelos
1025 3649 1049 3706 1,
1067 3649 1172 3698 —ellos
1183 3648 1232 3712 tc).
1256 3644 1267 3713 ll
1291 3664 1346 3712 qua
1358 3650 1440 3703 Part:
1459 3665 1527 3714 quae

387 3727 451 3796 (que
462 3730 494 3792 G)
507 3731 564 3780 GH.
577 3729 589 3798 ΙΙ
602 3733 794 3782 circinationis
805 3734 825 3783 G
836 3730 895 3797 (L):
909 3747 993 3782 —ncs
1005 3733 1031 3781 H
1040 3730 1095 3795 (tc).
1108 3727 1119 3797 {l
1135 3731 1313 3796 9hem1(emi-
1325 3731 1435 3798 Gchcli
1445 3735 1502 3784 GH.
1513 3729 1526 3797 ll

389 3816 420 3864 10
433 3815 529 3871 dextro
540 3817 624 3867 Mora:
638 3816 734 3866 dextra
746 3818 803 3867 GH.
814 3813 827 3883 [Ι
841 3820 870 3867 11
881 3818 1079 3881 circumagitur
1087 3817 1157 3866 doc:
1170 3820 1304 3882 -agatur
1315 3818 1373 3867 GH.
1386 3815 1399 3884 ΙΙ
1411 3819 1446 3869 ad
1455 3835 1528 3882 pros·
1575 3850 1579 3856 -

387 3900 478 3947 caenii
488 3895 632 3964 <dextram
644 3906 750 3965 partem
762 3903 802 3951 ita
815 3902 903 3966 tribus
917 3902 1018 3951 centris
1027 3901 1081 3950 hac
1094 3900 1234 3966 describ(p
1246 3900 1356 3966 Gltione
1370 3904 1528 3968 ampliorem

387 3982 520 4048 habent.)
548 3983 638 4048 <Item
656 3990 749 4036 centro
769 3985 913 4035 conlocato
930 3986 960 4034 in
977 3986 1089 4035 sinistro
1109 4000 1194 4034 cornu
1212 3986 1247 4035 ab
1266 3987 1415 4038 intervallo
1434 3988 1528 4038 dextro

388 4068 586 4134 circumagitur
605 4070 639 4119 ad
657 4069 837 4135 proscaenii>
854 4070 976 4119 dextram
994 4076 1100 4134 partem
1119 4071 1288 4120 orchestram
1370 4074 1408 4122 sic
1420 4073 1448 4122 H
1466 4077 1491 4121 et
1509 4071 1529 4121 (i

389 4151 455 4212 (cum
472 4153 554 4217 cett),
573 4156 610 4204 ita
627 4161 655 4204 ut
672 4156 755 4205 verbis
772 4162 881 4219 propter
898 4155 1107 4205 homoioteleuton
1126 4153 1301 4220 (proscaenii)
1318 4158 1469 4220 praereptis
1479 4162 1529 4205 sta-

389 4238 430 4284 tim
449 4253 514 4301 quoe
525 4241 617 4288 omissa
628 4241 678 4288 iam
688 4245 806 4289 senserat
822 4241 935 4303 scriptor
947 4240 1087 4304 archetypi,
1107 4256 1138 4289 eo
1154 4241 1286 4289 subiuncta
1294 4241 1394 4302 fuerint
1404 4240 1484 4301 (notis
1493 4255 1528 4288 se.

389 4322 446 4368 olim
458 4322 572 4385 additis).
607 4326 721 4375 ordinem
737 4325 848 4374 restituit
864 4323 929 4381 Joe,
949 4323 1090 4373 sinistram
1108 4343 1130 4374 o.
1148 4328 1179 4373 11
1196 4327 1301 4388 seriora
1319 4325 1390 4374 Mar.
1407 4321 1419 4391 ΙΙ
1436 4325 1468 4373 16
1486 4325 1529 4374 to·

390 4407 470 4467 γείον
488 4406 557 4458 ι100.;
576 4406 689 4473 longion
708 4409 758 4459 GH
777 4407 820 4473 (L,
838 4407 951 4472 longum
969 4408 1014 4471 tc).
1037 4406 1049 4474 {l
1073 4425 1104 4459 eo
1118 4424 1163 4472 eqo
1179 4408 1265 4469 (rec.):
1286 4424 1333 4459 eos
1348 4405 1408 4460 GH.
1423 4407 1437 4476 ΙΙ
1453 4411 1485 4460 18
1503 4412 1530 4458 et

390 4488 524 4539 thimelici
544 4492 579 4541 G:
598 4490 621 4541 dt
638 4490 879 4570 hymeliciH(Lc,
892 4493 1043 4543 thimelici
1060 4493 1088 4555 t).
1105 4492 1117 4561 [Ι
1135 4497 1166 4544 19
1185 4493 1258 4558 logei
1275 4494 1348 4544 doc:
1367 4492 1424 4543 loci
1443 4494 1501 4543 GH.
1515 4489 1527 4555 ll

391 4586 527 4650 nolminis
545 4600 604 4642 onte
622 4611 691 4644 corr.
711 4583 893 4659 G(n‹')lnunis
907 4593 963 4659 Ge)⁴
979 4591 991 4660 ΙΙ
1007 4597 1040 4644 20
1052 4594 1195 4645 duodecim
1209 4596 1237 4646 H
1249 4593 1322 4658 (Ll):
1341 4595 1405 4645 XII.
1420 4595 1442 4644 G
1455 4593 1501 4657 (c).
1514 4591 1526 4658 ΙΙ

391 4674 425 4722 ‘rt
443 4674 643 4739 amplificantur
662 4679 690 4726 H
707 4676 791 4740 (top
810 4677 981 4727 -cabuntur
1000 4679 1029 4728 6.
