3784 5625
660 669 707 732 ns
730 681 999 731 rerumrerum
1021 682 1091 731 ars.
1114 683 1189 731 vnr.
1438 668 1497 733 191

358 837 513 923 terfluens
543 859 602 925 per
623 836 803 904 meridiana
829 835 901 900 loca
922 846 1033 901 manat
1061 846 1093 900 et
1120 836 1258 902 influens
1286 837 1321 901 in
1349 836 1502 925 paludem

358 933 443 1025 quae
455 937 638 1027 appellatur
787 939 1012 1023 circumcingit
1027 939 1171 1020 Meroen,
1198 938 1285 1024 quod
1301 948 1351 1003 est
1364 938 1500 1003 Aethio·

357 1064 436 1127 pum
447 1041 699 1129 meridianorum
709 1061 858 1125 regnum,
870 1039 912 1103 ab
925 1038 1042 1125 hisque
1052 1037 1227 1125 paludibus
1237 1040 1501 1125 secircumagens

356 1164 416 1228 per
438 1142 572 1207 flumina
594 1142 792 1207 Astasobam
816 1151 860 1206 et·
875 1141 1056 1219 Astoboam
1085 1151 1117 1205 et
1143 1140 1208 1205 alia
1235 1140 1330 1229 plura
1350 1143 1501 1229 pervenit

325 1243 331 1259 ‘
356 1266 416 1331 per
438 1254 563 1309 montes
585 1238 629 1307 ad
655 1254 852 1309 cataractam
873 1243 915 1307 ab
938 1264 1040 1329 eoque
1062 1263 1097 1306 se
1124 1243 1343 1331 praecipitans
1373 1265 1431 1331 per
1453 1258 1536 1307 se-tt

358 1344 593 1433 ptentrionalcs
607 1347 759 1433 pervenit
774 1346 861 1409 inter
875 1342 1096 1430 Elephantida
1111 1354 1143 1408 et
1158 1344 1289 1433 Syenen
1304 1344 1500 1409 Thebaicos-

323 1462 422 1534 7quc
443 1448 478 1511 in
500 1449 690 1535 Aegyptum
713 1470 842 1535 campos
865 1455 898 1509 et
919 1446 967 1509 ibi
989 1444 1085 1523 Nilus
1106 1445 1300 1534 appellatur.
1344 1469 1386 1510 ex
1407 1446 1500 1510 Mau-

357 1548 482 1613 retania
502 1558 611 1614 autem
634 1557 732 1635 caput
754 1548 823 1613 Nili
844 1546 1006 1634 profluere
1021 1569 1063 1611 ex
1078 1568 1115 1613 eo
1137 1548 1279 1611 maxime
1295 1549 1501 1633 cognoscitur

358 1650 445 1735 quod
468 1671 510 1712 ex
531 1649 634 1714 altera
661 1659 754 1737 parte
781 1650 900 1713 montis
922 1648 1069 1713 Atlantis
1092 1658 1167 1713 sunt
1194 1648 1260 1712 alia
1287 1651 1395 1736 capita
1422 1650 1500 1712 item

357 1750 552 1837 profluentia
566 1753 608 1815 ad
631 1740 834 1817 occidentem
848 1772 1021 1834 occanum,
1044 1750 1156 1837 ibique
1169 1761 1347 1815 nascuntur
1368 1750 1499 1815 ichneu-
1519 1761 1552 1810 10

356 1873 469 1918 mones
493 1852 647 1918 crocodili
673 1854 757 1919 aliae
779 1854 901 1918 similes
917 1852 1109 1918 ¹bestiarum
1136 1854 1340 1941 pisciumque
1365 1863 1501 1918 naturae

356 1964 491 2047 praeter
506 1954 765 2043 hippopotamos.

324 2069 340 2118 8
380 2061 383 2067 “
441 2057 533 2141 Ergo
554 2077 629 2120 cum
650 2058 759 2121 omnia
779 2057 914 2122 flumina
936 2056 1226 2142 magnitudinibus·
1238 2058 1273 2121 in
1288 2057 1377 2123 orbis
1398 2067 1499 2121 terra·

355 2178 428 2222 rum
450 2158 725 2244 descriptionibus
746 2180 766 2221 a
788 2160 1010 2244 septentrione
1032 2158 1207 2247 videantur
1227 2158 1389 2245 profluere
1409 2158 1499 2221 Afri·
1555 2177 1558 2183 “

357 2280 419 2345 que
446 2261 569 2346 campi,
603 2260 659 2345 qui
688 2267 764 2324 sunt
795 2261 831 2324 in
858 2259 1048 2323 meridianis
1075 2260 1224 2347 partibus
1253 2260 1393 2346 subiecti
1421 2258 1499 2323 solis
1520 2272 1550 2320 15

357 2362 485 2443 cursui,
514 2360 650 2425 latentes
677 2362 807 2447 penitus
835 2359 978 2425 habeant
1004 2382 1132 2425 umores
1153 2382 1214 2424 nec
1239 2360 1345 2425 fontes
1368 2360 1499 2424 crebros

355 2482 531 2551 amnesque
557 2484 677 2546 raros,·
699 2461 895 2549 relinquitur
921 2463 971 2526 uti
996 2461 1259 2546 multomeliora
1290 2462 1500 2525 inveniantur

357 2564 464 2650 capita
486 2562 625 2639 fontium
640 2585 723 2651 quae
737 2563 780 2627 ad
803 2565 1055 2651 septentrionem
1069 2573 1126 2629 aut
1139 2561 1324 2650 aquilonem
1339 2560 1504 2648 spectant,‘

356 2665 422 2730 nisi
444 2665 473 2730 si
495 2664 670 2731 inciderint
691 2667 727 2730 in
749 2664 976 2753 sulphurosum
998 2664 1105 2731 locum
1126 2675 1183 2730 aut
1204 2664 1419 2731 aluminosum
1442 2686 1499 2729 scu

356 2857 582 2866 a————.....-..

424 2977 521 3041 iper:
538 2975 588 3026 sub
607 2977 640 3026 L.
668 2971 680 3043 ΙΙ
707 2976 822 3027 influens
843 2992 904 3042 epo:
930 2976 1019 3025 influit
1041 2976 1127 3026 EGH.
1156 2971 1168 3041 ss
1194 2978 1211 3026 2
1233 2975 1392 3041 appellatur
1415 2973 1497 3026 Coloe

357 3057 447 3124 (loa),
466 3060 670 3125 circumcingit:
690 3041 847 3126 appellatur*
865 3058 1058 3126 circum(circir
1070 3059 1191 3142 G)cingit
1203 3061 1257 3110 GH
1266 3058 1435 3126 (appellatur
1446 3062 1498 3110 cir-

358 3192 391 3227 cu
402 3214 409 3228 .
422 3173 511 3243 cingit
533 3179 569 3237 L,
596 3178 769 3245 appellatur.
781 3178 969 3236 circumi—cri
983 3182 1001 3235 l)
1015 3178 1102 3242 cingit
1119 3178 1167 3243 lc),
1193 3142 1497 3244 appellaturflcireum

357 3262 445 3328 cingit
461 3262 487 3312 Ε
506 3262 632 3326 (lammam
648 3266 799 3328 significarit
816 3264 874 3328 Ec).
899 3259 911 3330 ΙΙ
933 3263 1109 3327 aethiopiorii
1126 3262 1161 3317 E.
1186 3259 1198 3330 ΙΙ
1218 3265 1235 3313 4
1253 3264 1422 3315 astansoban
1440 3262 1497 3320 EG,

356 3345 572 3412 hasltansobam
589 3347 621 3396 H
636 3347 862 3428 (hastansuobam
883 3349 920 3410 L,
948 3347 1137 3398 hastanscban
1159 3350 1181 3409 l,
1208 3348 1386 3398 astansobam
1412 3348 1462 3411 ch).
1484 3346 1495 3413 Η

356 3448 518 3501 adstoboam
537 3449 617 3501 ΕθΗ
634 3449 682 3513 (L,
707 3449 849 3511 astoboam
875 3450 923 3512 ⁶⁶,
950 3449 1116 3501 adscoboam
1134 3448 1178 3513 lc).
1204 3449 1238 3514 cs.
1257 3451 1324 3502 Pltn.
1342 3454 1372 3507 5,
1391 3452 1427 3498 53
1446 3449 1499 3512 (ubi

357 3536 501 3599 astusapes
511 3541 537 3584 et
547 3536 698 3596 astabores,
709 3541 736 3582 at
745 3536 816 3599 apud
824 3535 918 3585 Melam
930 3534 1084 3590 astabores)
1093 3541 1141 3588 etc.
1154 3529 1167 3602 11
1179 3536 1375 3586 scatarsctam
1384 3530 1470 3584 EGH.
1483 3531 1494 3599 Η

357 3632 443 3682 ecque
462 3617 521 3668 ΕΗ
536 3615 620 3684 (Llc)t
642 3632 730 3681 esque
750 3618 772 3669 d
790 3617 848 3682 (sed
866 3620 901 3669 (1¹⁶
916 3631 998 3684 supra
1012 3634 1070 3683 pos.
1089 3634 1105 3668 o
1122 3621 1233 3671 litteram
1243 3626 1335 3684 postea
1346 3618 1467 3682 erasmo).
1483 3616 1494 3683 ll

356 3703 590 3768 septentrionales
618 3700 666 3766 (sc.
690 3705 814 3767 campos)
840 3716 900 3767 epo:
932 3702 1177 3768 septentrionalem
1205 3703 1290 3752 EGH.
1313 3699 1325 3768 Η
1353 3705 1369 3751 6
1392 3718 1497 3753 suanos

356 3784 506 3852 1611118
524 3791 618 3837 autem
635 3788 698 3847 ΕΗ,
727 3795 742 3831 s
763 3787 920 3852 (compendio
937 3790 965 3837 in
981 3804 1033 3838 scr.
1051 3804 1119 3840 maa.
1133 3787 1277 3850 stuprosae!
1295 3785 1399 3851 usitato)
1420 3788 1442 3837 G
1460 3787 1497 3849 (ut

354 3869 478 3936 saepius).
504 3865 517 3938 11
545 3870 672 3922 9altero
695 3878 755 3922 unte
778 3888 847 3922 corr.
867 3872 889 3920 G
906 3871 967 3934 (non
984 3872 1030 3935 Ε).
1059 3867 1071 3938 ΙΙ
1092 3869 1229 3920 antlantis
1248 3870 1307 3929 EG,
1331 3870 1445 3920 atlantis
1467 3871 1500 3918 H
1594 3903 1596 3905 .

356 3954 409 4016 (60,
429 3953 566 4005 athlantis
587 3955 657 4020 Ltc).
683 3952 696 4021 ll
723 3959 788 4005 sunt
809 3957 871 4009 add.
893 3956 950 4006 Joc.
975 3954 1101 4019 (atlantis
1119 3953 1176 4003 alia
1198 3953 1294 4017 codd).
1318 3950 1332 4018 ΙΙ
1353 3956 1383 4002 11
1402 3969 1495 4003 croco·

356 4038 404 4088 dili
422 4035 526 4102 (-doli
542 4045 603 4090 ante
620 4056 689 4092 corr.
702 4039 743 4104 H)
760 4042 789 4090 H
807 4036 851 4105 (L,
862 4039 1010 4090 corcodrili
1021 4042 1052 4096 lc,
1070 4037 1181 4087 —drilli
1193 4038 1230 4102 b),
1249 4036 1392 4087 crocodilli
1409 4037 1466 4086 EO.
1480 4035 1493 4102 ΙΙ

356 4125 386 4172 12
403 4123 618 4189 hippopotamos
634 4125 664 4174 H
681 4122 884 4190 (ippopotamos
901 4122 950 4188 Ic),
972 4124 1146 4189 hippotamos
1163 4122 1189 4170 Ε
1207 4120 1267 4185 (L),
1290 4121 1496 4186 inpropotamcs

356 4206 385 4260 G.
408 4202 422 4272 ΙΙ
445 4208 478 4258 13
495 4208 730 4273 magnitudinibus
747 4209 825 4258 EGH
843 4205 901 4272 (Lc,
919 4206 1117 4272 magnitudinis
1134 4206 1179 4265 L).
1202 4200 1214 4271 ΙΙ
1237 4207 1270 4254 14
1288 4206 1495 4270 aseptentrisns

355 4289 415 4350 EG,
439 4293 646 4355 asaptcntrione
668 4295 697 4343 H
714 4290 821 4356 (-nem
839 4307 867 4351 c,
889 4294 956 4340 —ne
978 4293 1006 4350 1,
1029 4290 1251 4354 adsepteutrionc
1272 4287 1302 4353 1).
1334 4290 1368 4354 cs.
1389 4306 1417 4355 p.
1437 4293 1495 4348 190,

356 4377 398 4425 12.
420 4371 435 4440 ΙΙ
455 4375 625 4427 videbantur
645 4384 705 4427 ante
727 4392 797 4428 corr.
816 4376 852 4424 H.
880 4369 893 4440 {l
920 4376 952 4423 16
976 4375 1067 4424 cursui
1089 4373 1169 4424 ΕΘΗ
1186 4371 1232 4435 (L,
1251 4389 1333 4423 cursu
1350 4375 1392 4437 lc).
1411 4371 1424 4440 fl
1444 4375 1495 4425 ha·
1601 4372 1605 4380 ’

355 4458 439 4509 beant
456 4459 530 4513 loa:
547 4459 653 4511 habent
670 4461 755 4513 EGH.
779 4457 792 4526 Η
815 4461 846 4509 11
870 4472 1017 4522 amnesque
1035 4459 1061 4505 E
1078 4465 1104 4508 et
1128 4464 1188 4506 ante
1209 4473 1279 4512 rm.
1303 4459 1333 4511 6.
1355 4453 1368 4524 ΙΙ
1397 4459 1428 4508 18
1446 4463 1495 4509 aut

355 4544 525 4606 aquilonem:
542 4546 581 4594 sic
598 4544 684 4597 ΕΘΗ.
704 4541 717 4611 Η
731 4546 771 4596 ,19
790 4543 1002 4593 aluminatosum
1020 4541 1046 4589 E
1063 4548 1088 4592 et
1105 4549 1165 4592 ante
1182 4559 1250 4592 corr.
1275 4543 1326 4592 GH
1348 4542 1495 4607 (alumincf

356 4639 413 4675 sum
424 4627 526 4690 Hoste,
544 4626 708 4679 luminosum
727 4629 913 4693 aequicruris
931 4642 949 4675 a
965 4627 1076 4677 litteram
1086 4629 1114 4676 in
1126 4629 1180 4690 fine
1191 4642 1279 4677 versia
1289 4630 1398 4693 positam
1416 4627 1494 4696 allu-

356 4710 494 4780 anabau
512 4744 571 4796 nec?
587 4732 656 4799 qaod
671 4730 756 4791 octab,
773 4730 845 4780 initio
862 4730 990 4798 sequentis
1001 4745 1092 4781 rursus
1107 4730 1239 4794 addiditt„
