3784 5625
576 670 579 677 '
643 674 690 729 uu
715 680 981 730 assumserunt
1004 681 1073 729 urs.
1090 683 1165 731 v111.
1411 665 1473 731 201

330 858 417 924 aqua
439 856 539 923 equa
561 835 617 923 qui
639 836 783 901 biberint
805 836 886 900 fiunt
907 835 1069 900 abstemii.
1114 836 1157 899 ad
1180 859 1253 899 eum
1275 843 1383 900 autem
1405 837 1474 900 fon-

330 949 399 1003 tem
428 940 627 1025 epigramma
650 946 699 1003 est
725 939 760 1002 in
786 938 895 1024 lapide
914 939 1114 1023 inscriptum
1136 938 1197 1002 hae
1220 940 1380 1003 sententia
1402 960 1474 1001 ver-

330 1040 423 1105 sibus
446 1026 588 1124 graeeis,
612 1060 683 1103 eam
702 1062 768 1104 non
783 1061 854 1121 esse
875 1040 1026 1104 idoneam
1040 1038 1084 1103 ad
1105 1038 1280 1103 lavandum
1295 1038 1355 1102 sed
1377 1042 1475 1104 etiam

330 1143 501 1206 inimicam
522 1140 664 1224 vitibus,
688 1140 775 1227 quod
797 1140 884 1228 apud
908 1164 981 1206 eum
1002 1142 1127 1204 fontem
1148 1140 1329 1227 Melampus
1353 1140 1474 1203 sacrifi-

331 1244 393 1308 eiis
415 1244 624 1332 purgavisset
645 1243 766 1307 rabiem
790 1242 900 1307 Proeti
921 1240 1060 1306 tiliarum
1081 1244 1343 1329 restituissetque
1365 1264 1475 1306 earum
1493 1257 1509 1305 5

331 1346 500 1431 virginum
523 1352 654 1409 mentes
669 1346 704 1408 in
726 1346 897 1432 pristinam
918 1345 1101 1408 sanitatem.
1145 1345 1345 1431 epigramma
1366 1353 1474 1408 autem

333 1446 444 1511 estid
467 1446 553 1533 quod
576 1453 625 1511 est
647 1447 868 1533 subscriptum
950 1462 951 1465 ’

377 1544 516 1631 cippum,
540 1547 606 1613 σὺν
628 1537 785 1631 νεοίμναις
806 1543 844 1611 sb
866 1542 1097 1631 μεσημβρινὸν
1118 1542 1161 1630 ἢν
1184 1564 1222 1612 σε
1244 1547 1379 1634 βαρύνη

424 1650 522 1727 δίψος
544 1646 598 1713 ἄν’
623 1646 777 1732 ἐσχατιὰς
798 1650 981 1732 Κλείτορος
1004 1646 1200 1732 ἐρχόμενον,

376 1754 435 1834 τῆς
456 1749 518 1834 μὲν
540 1745 606 1814 tut
629 1749 755 1835 κρήνης
776 1747 900 1834 εἰρύσαι
922 1748 1014 1834 πόμα
1035 1748 1092 1813 καὶ
1114 1747 1205 1833 παρα
1227 1750 1378 1835 νύμφαις
1496 1764 1528 1814 1ο

419 1847 558 1935 ὑδριασι
580 1855 706 1936 στῆσον
728 1855 796 1915 πᾶν
817 1849 855 1917 τὸ
878 1848 941 1916 σόν
964 1849 1135 1915 αἰπόλιον·

377 1949 464 2018 α’λλα
486 1950 530 2023 σύ
553 1950 631 2038 μήτ’
656 1952 711 2018 aa
734 1950 860 2038 λουτρὰ
881 1947 987 2039 βάλης
1009 1955 1099 2036 χροί,
1122 1952 1168 2039 μή
1190 1970 1228 2019 σε
1251 1953 1307 2018 καὶ
1330 1950 1419 2038 αὔρη

420 2054 601 2140 νεη<μή>νη
624 2055 810 2139 (reparcis)
834 2054 928 2132 ἐντὸς
952 2055 1051 2121 ἐόντα
1073 2054 1193 2138 μέθης·

381 2159 489 2239 φεῦγε
512 2153 544 2218 δ’
569 2152 652 2239 ἐμὴν
674 2152 787 2241 πηγὴν
808 2156 1031 2240 μισάμαελον,
1055 2159 1140 2221 ἔνθα
1163 2156 1372 2240 Μελάμπους
1437 2240 1442 2249 μ

419 2255 607 2341 λυσάμενος
628 2254 754 2343 λύσσης
776 2258 961 2341 Προιτίδας
982 2257 1157 2341 ἀργαλέης,
1495 2271 1527 2321 15

404 2536 417 2583 1
438 2548 510 2598 aqua
528 2548 543 2583 e
556 2547 610 2597 qua
628 2532 675 2596 qui
692 2548 752 2597 epo:
773 2547 862 2597 aquae
873 2571 879 2584 .
889 2532 991 2597 quaqui
1009 2531 1042 2590 Ε,
1056 2546 1126 2598 sque
1137 2567 1143 2581 .
1154 2546 1206 2595 quo
1220 2530 1266 2595 qui
1280 2531 1308 2592 G,
1325 2545 1414 2595 aquae
1429 2532 1476 2596 qui

332 2619 363 2667 H
381 2615 484 2682 (aquae
497 2652 504 2665 .
517 2616 563 2682 qui
580 2616 645 2677 acu,
665 2632 751 2683 aque.
766 2618 812 2682 qui
829 2617 858 2679 t).
882 2613 895 2683 ss
916 2620 931 2666 2
950 2616 1004 2665 hae
1022 2616 1161 2666 sententia
1178 2616 1249 2667 soca
1272 2614 1343 2665 haee
1366 2620 1477 2665 senten·

333 2702 392 2752 tiae
412 2700 474 2768 (hee
492 2702 631 2766 sententie
646 2701 677 2765 G)
696 2702 776 2752 EGH
793 2698 834 2764 (lc,
853 2703 890 2750 tta
908 2709 990 2750 tamen
1002 2702 1028 2750 tu
1040 2717 1054 2751 c
1065 2709 1092 2749 ut
1104 2700 1232 2751 scribatur
1244 2700 1386 2750 sententia
1400 2716 1476 2750 ever-

333 2786 420 2849 sibus,
439 2786 491 2853 hee
509 2786 666 2837 sententiae
687 2781 765 2852 latit
788 2787 804 2837 5
826 2786 1015 2850 purgavisset:
1037 2787 1075 2837 sic
1093 2785 1179 2837 EGH.
1202 2782 1215 2852 ΙΙ
1243 2785 1259 2834 6
1281 2789 1387 2838 sutem:
1416 2801 1429 2838 s
1456 2787 1478 2838 G

333 2873 415 2938 (quad
434 2871 469 2921 00
485 2872 693 2936 deleuitpuaetr's
711 2873 806 2921 additis
828 2878 853 2921 et
874 2887 1023 2936 suprascr.
1042 2866 1110 2934 aut).
1133 2866 1145 2936 ΙΙ
1167 2871 1184 2920 8
1204 2869 1394 2936 Epiprammata
1412 2888 1477 2938 quae

332 2962 474 3022 sequautur
499 2958 586 3006 eadem
611 2971 705 3021 praece
731 2955 825 3006 estant
849 2957 873 3004 iu
895 2959 990 3022 ectopr‘s
1018 2957 1132 3006 Floreat.
1165 2970 1201 3004 ecc
1227 2955 1329 3019 Isiacae·
1354 2957 1477 3006 mirabiti-

333 3041 393 3101 bus,
424 3056 489 3105 quae
515 3041 560 3089 sub
584 3043 645 3103 ficto
672 3039 786 3091 Sotionis
812 3042 909 3090 nomine
937 3043 994 3090 otim
1022 3042 1102 3090 edidit
1127 3040 1164 3089 Η.
1191 3038 1345 3103 Stephanus.
1381 3055 1412 3089 ea
1438 3042 1478 3090 lu'e

332 3127 411 3190 plane
429 3124 512 3173 ονιίείτ
528 3124 561 3177 Ε.
596 3126 679 3190 affero
698 3133 780 3174 autem
798 3141 862 3190 quae
880 3125 1002 3190 eoebibent
1018 3125 1077 3183 HG,
1097 3127 1190 3173 titteris
1207 3124 1306 3188 quidem
1321 3126 1422 3187 scripta
1437 3139 1478 3174 se·

333 3209 470 3274 mtpraecs's
486 3210 526 3258 uel
539 3209 627 3272 potius
644 3223 680 3258 ex
699 3209 801 3271 praecis
822 3211 915 3258 litteris
933 3210 1067 3274 latinisque
1084 3210 1178 3267 mixta,
1196 3224 1250 3258 crum
1268 3206 1357 3274 quibus
1374 3195 1479 3258 eonsen-

334 3295 414 3355 ttrmt,
437 3293 488 3342 nist
510 3294 580 3358 qued
595 3293 674 3358 mapis
692 3297 765 3342 etiam
783 3296 900 3357 corrupti
915 3300 974 3344 sunt
991 3295 1066 3344 codd.
1089 3293 1138 3342 Ide
1156 3290 1207 3356 (s),
1231 3295 1274 3358 ηαί
1290 3299 1373 3341 tamen
1391 3295 1479 3343 eadem

334 3392 421 3429 omnes
438 3379 553 3426 euuttunt
570 3377 647 3427 uerba
664 3394 686 3427 ν.
705 3375 785 3438 tufts
805 3378 912 3428 αλλα-
923 3375 1023 3443 savhe
1039 3379 1077 3428 sic
1088 3379 1201 3439 tepentes
1213 3377 1480 3444 utuattavsupstbpr

334 3468 385 3513 etc.
420 3476 530 3526 praeces
550 3463 652 3511 litteras
673 3463 759 3512 melius
776 3463 935 3513 conseruauit
951 3463 988 3526 H,
1008 3464 1052 3527 qut
1068 3470 1094 3512 et
1109 3463 1178 3511 inter
1196 3478 1214 3511 α
1231 3469 1257 3512 et
1276 3463 1372 3512 tatere
1390 3464 1479 3512 distin-

333 3549 397 3613 puit‚
418 3546 538 3597 Gautem
554 3548 629 3596 mutto
647 3548 750 3610 saepius
766 3548 881 3610 peccauit
903 3547 1017 3610 confusis
1039 3547 1066 3596 H
1084 3554 1109 3596 et
1126 3546 1205 3605 N,.A
1223 3545 1303 3612 (quad
1316 3546 1436 3597 scribitur
1452 3547 1480 3597 A

335 3647 384 3682 nea
401 3631 564 3694 distinpuitur
581 3646 598 3678 a
616 3627 642 3693 λ)
661 3637 687 3680 et
704 3631 726 3680 Δ
750 3637 775 3679 et
791 3646 892 3695 semper
906 3632 966 3694 sere
980 3647 1032 3695 pro
1049 3645 1071 3680 α
1087 3632 1180 3694 positis
1197 3647 1225 3681 τι
1242 3635 1282 3681 eet
1299 3647 1335 3685 ιτ.
1351 3647 1402 3696 pro
1420 3649 1438 3698 η
1455 3638 1481 3682 et

337 3732 351 3768 ε
368 3730 470 3779 semper
484 3715 543 3778 sere
560 3714 681 3764 scribitur
699 3730 723 3769 e.
741 3740 775 3750 -
789 3716 902 3780 sinputas
922 3717 1025 3766 litteras
1047 3715 1135 3781 quibus
1157 3717 1265 3766 discedit
1288 3715 1310 3765 θ
1333 3716 1365 3766 ab
1382 3717 1414 3765 Η
1433 3718 1480 3766 ad·

333 3800 432 3865 scripsi
451 3815 532 3864 supra
553 3800 666 3864 stapulas
687 3803 819 3850 lectionum
840 3802 935 3852 codicis
953 3801 990 3854 H.
1018 3796 1031 3866 ΙΙ
1058 3801 1196 3850 8ssrara
1220 3800 1249 3848 H
1271 3799 1307 3863 (et
1324 3815 1372 3851 am.
1391 3817 1408 3850 a
1422 3799 1479 3863 flu.)

338 3938 369 3987 6.
392 3932 406 4003 ΙΙ
428 3899 625 3988 ¹⁴uueeustrruu.
641 3930 653 4001 ΙΙ
668 3937 684 3986 9
697 3933 797 4000 bruas:
818 3950 899 3987 arroc
913 3936 942 3986 G.
967 3931 979 4002 lt
1001 3900 1144 3986 κλιτοεοε.
1167 3930 1179 4000 ΙΙ
1203 3936 1235 3984 10
1247 3950 1311 4000 cus:
1330 3947 1381 3985 sac
1393 3934 1453 3984 HG.
1465 3930 1478 3998 b

336 4086 408 4122 uno:
428 4083 491 4122 ετιο
512 4069 542 4122 G.
564 4066 577 4136 ss
598 4085 813 4122 urnuusarrcat
832 4072 890 4121 HG.
910 4066 923 4137 Η
942 4085 1053 4121 nauare
1073 4069 1102 4121 θ.
1125 4066 1137 4136 ΙΙ
1161 4071 1192 4119 11
1211 4065 1357 4132 utquam:
1377 4028 1481 4119 ελεεο-

335 4170 379 4207 crs
397 4155 434 4207 H.
459 4151 471 4222 ΙΙ
494 4167 610 4223 seuseu:
634 4152 775 4219 trabucos
800 4157 828 4206 θ.
853 4151 865 4221 ΙΙ
887 4170 960 4205 aar:
988 4169 1052 4204 stas
1078 4154 1106 4208 (ι’.
1131 4151 1144 4220 ΙΙ
1171 4166 1321 4204 atuoosrou
1343 4153 1376 4202 H
1394 4151 1447 4217 (ubi
1463 4168 1479 4201 Λ

334 4307 372 4342 εν
390 4303 408 4340 a
429 4305 524 4341 rasura
543 4292 639 4355 suctum
662 4299 709 4342 est.
742 4305 805 4341 etue
828 4291 969 4354 ouor·G).
993 4286 1004 4355 Η
1032 4291 1064 4339 12
1087 4250 1480 4340 ελαλαιιετελιιεοντεεειιτι-

334 4388 634 4428 sexrauucuxstsrru.
657 4372 669 4442 ΙΙ
693 4378 724 4427 13
745 4390 863 4441 πημηνη
876 4400 910 4410 -
923 4389 994 4440 εμην
1016 4389 1064 4424 am.
1089 4373 1118 4426 G.
1142 4370 1154 4440 ΙΙ
1180 4387 1347 4426 nnsncssrc
1368 4372 1401 4421 H
1419 4375 1437 4422 t.
1456 4389 1480 4424 ε.

334 4457 497 4528 πη<μη>νη
509 4457 674 4527 (ussurus)
688 4474 777 4520 ενεος.
792 4455 804 4526 1}
822 4461 853 4509 14
865 4449 894 4509 δ’
910 4474 995 4525 εμηνι
1015 4474 1083 4508 seru
1102 4459 1137 4508 H.
1155 4457 1168 4526 ΙΙ
1182 4474 1290 4526 napus:
1310 4473 1409 4509 trusus
1422 4459 1451 4508 G.
1467 4454 1479 4522 lt

335 4552 544 4648 uersauiieios.
568 4592 581 4663 ΙΙ
603 4598 782 4662 μελαμπονςι
810 4590 1006 4660 uessmtsorc
1031 4595 1060 4644 θ.
1088 4591 1100 4660 ΙΙ
1129 4597 1160 4646 16
1183 4596 1342 4660 λνσαμενος
1365 4596 1481 4663 λνσσηςε

335 4727 621 4798 artaueuolcarteuc
641 4732 676 4793 H,
697 4746 788 4782 auerso
808 4745 858 4782 cas
875 4743 941 4782 <erc
961 4731 991 4781 G.
1015 4726 1027 4798 ΙΙ
1047 4692 1360 4787 lsiresa1aacarreuerac.
