3784 5625
380 664 439 725 118
867 674 1028 721 vrruuvn

374 830 529 894 libratum
551 828 753 915 perficiatur,
782 826 856 891 ideo
883 828 973 912 quod
1000 850 1068 891 vox
1095 849 1244 890 crescens
1272 824 1454 911 aequaliter
1476 826 1519 887 ad

374 953 517 995 summas
551 928 760 1014 gradationes
789 938 822 991 et
849 937 972 991 tectum
998 929 1178 1013 perveniet.
1230 948 1371 1013 namque
1396 927 1426 989 si
1453 949 1520 989 non

375 1034 436 1097 erit
463 1030 615 1118 aequale,
642 1052 709 1115 quo
737 1031 845 1092 minus
872 1027 973 1092 fuerit
1003 1028 1118 1106 altum,
1147 1051 1216 1093 vox
1237 1028 1456 1115 praeripietur
1477 1028 1519 1091 ad
1545 1012 1556 1028 ’

375 1156 447 1197 eam
473 1132 683 1197 altitudinem
711 1131 754 1194 ad
775 1152 873 1216 quam
895 1132 1067 1216 perveniet
1088 1132 1215 1219 primo„
1246 1130 1414 1215 orchestra
1435 1131 1551 1193 intere

341 1234 497 1320 agradus
526 1236 608 1298 imos
636 1253 735 1318 quam
756 1231 941 1295 diametron
963 1232 1130 1313 hahuerit,
1159 1234 1230 1296 eius
1252 1239 1348 1295 sexta
1368 1253 1445 1318 pars
1468 1254 1519 1295 su-

375 1346 495 1418 matur,
528 1345 560 1399 et
592 1336 628 1398 in
659 1332 815 1397 cornibus
848 1333 1013 1425 utrimque
1042 1334 1086 1396 ad
1112 1333 1223 1398 aditus
1252 1334 1321 1396 eius
1348 1354 1521 1397 mensurae

376 1435 609 1524 perpendiculo
631 1433 803 1498 inferiores
825 1432 920 1497 sedes
943 1433 1191 1520 praecidantur,
1220 1446 1253 1506 et
1274 1456 1340 1521 qua
1360 1435 1521 1520 praecisio

377 1538 494 1618 fuerit,
518 1536 565 1600 ibi
588 1538 827 1599 constituantur
848 1536 1004 1598 itinerum
1026 1535 1213 1622 supercilia.
1261 1538 1310 1599 ita
1331 1536 1418 1599 enim
1440 1536 1520 1599 satis

379 1636 589 1701 altitudinem
609 1635 776 1701 habebunt
797 1658 909 1700 eorum
924 1635 1230 1701 coulornicationes.
1266 1658 1402 1700 scaenae
1416 1635 1520 1720 longi·
1537 1648 1552 1695 6

295 1818 300 1827 Ι
330 1756 360 1806 10
378 1738 458 1802 tudo
475 1738 517 1802 ad
539 1738 724 1803 orchestrae
739 1738 922 1802 diametron
944 1735 1069 1823 duplex
1089 1738 1160 1801 fieri
1183 1738 1293 1803 dehet.
1314 1736 1428 1824 ‚podii
1449 1736 1520 1800 alti-

379 1841 458 1904 tudo
485 1840 527 1903 ab
554 1838 750 1903 libramento
779 1838 898 1925 pulpiti
925 1861 1000 1901 cum
1027 1860 1147 1903 corona
1174 1848 1207 1902 et
1232 1839 1303 1927 lysi
1319 1838 1522 1903 duodecuma

379 1940 563 2004 orchestrae
593 1940 755 2004 diametri.
800 1962 898 2026 supra
925 1939 1060 2026 podium
1083 1939 1253 2004 columnae
1274 1962 1349 2003 cum
1370 1938 1522 2025 capitulis

379 2051 412 2105 et
439 2043 536 2127 spiris
564 2040 650 2105 altae
678 2050 795 2127 quarta
822 2050 915 2126 parte
943 2040 1089 2105 eiusdem
1118 2040 1286 2124 diametri,
1316 2040 1470 2128 epistylia
1490 2050 1523 2103 et

379 2153 569 2206 ornamenta
584 2164 695 2206 earum
717 2141 940 2207 columnarum
962 2140 1147 2206 altitudinis
1169 2144 1284 2228 quinta
1304 2151 1409 2228 parte.
1452 2142 1521 2229 plu·

330 2259 364 2307 15
382 2254 472 2308 teum
499 2246 648 2332 insuper·
662 2266 736 2306 cnm
765 2243 854 2307 unda
876 2253 909 2307 et
931 2265 1050 2306 corona
1071 2243 1237 2309 inferioris
1259 2243 1364 2329 plutei
1386 2244 1523 2307 dimidia

378 2354 482 2431 parte.
525 2368 626 2432 supra
654 2345 688 2409 id
716 2345 864 2431 pluteum
886 2343 1056 2409 columnae
1078 2354 1195 2429 quarta
1216 2354 1309 2431 parte
1330 2346 1457 2409 minore
1477 2343 1521 2407 al·

379 2447 520 2511 titudine
548 2449 614 2511 sint
641 2469 738 2533 quam
766 2447 947 2527 inferiores,
971 2445 1125 2532 epistylia
1146 2455 1179 2509 et
1200 2454 1392 2510 ornamenta
1413 2468 1523 2509 earum

379 2548 602 2613 columnarum
631 2551 747 2634 quinta
774 2558 876 2634 parte.
929 2548 1010 2610 item
1032 2548 1061 2610 si
1083 2549 1182 2611 tertia
1203 2550 1393 2635 episcaenos
1414 2547 1524 2611 futura

380 2650 457 2731 erit,
491 2651 634 2713 mediani
662 2648 764 2735 plutei
794 2671 957 2713 summum
984 2650 1028 2712 sit
1056 2647 1193 2712 dimidia
1215 2659 1323 2735 parte,
1356 2648 1524 2713 columnae

329 2766 363 2816 20
379 2771 525 2831 summae
551 2747 776 2812 medianarum
797 2751 905 2814 minus
928 2749 1015 2814 altae
1037 2751 1103 2814 siut
1125 2760 1241 2837 quarta
1262 2760 1371 2836 parte,
1401 2750 1522 2838 episty-

379 2850 425 2913 lia
452 2872 527 2912 cum
549 2852 676 2914 coronis
699 2872 809 2914 earum
831 2850 1054 2914 columnarum
1076 2852 1155 2914 item
1176 2852 1318 2917 habeant
1338 2851 1522 2916 altitudinis

381 2952 529 3035 quintam
551 2960 688 3037 partem.

466 3051 537 3114 Nec
568 3062 677 3116 tamen
705 3053 740 3115 in
767 3053 917 3117 omnihus
945 3053 1083 3119 theatris
1111 3057 1320 3143 symmetriae
1346 3055 1390 3120 ad
1412 3069 1552 3121 omues?

381 3153 524 3218 rationes
554 3164 587 3217 et
613 3154 747 3218 effectus
775 3164 911 3240 possunt
937 3155 1149 3241 respondere,
1179 3156 1238 3220 sed
1265 3167 1393 3243 oportet
1421 3157 1522 3241 archi·

331 3270 365 3318 25
382 3263 504 3319 tectum
532 3255 794 3320 animadvertere
821 3257 940 3342 quihus
969 3258 1233 3344 proportionibus
1254 3281 1389 3323 necesse
1410 3260 1455 3323 sit
1475 3280 1521 3322 sc-

382 3357 439 3441 qui
466 3359 691 3443 symmetriam
719 3367 752 3420 et
773 3358 892 3443 quihus
919 3359 963 3422 ad
990 3359 1053 3423 loci
1074 3370 1225 3423 naturam
1246 3369 1304 3423 aut
1325 3359 1521 3445 maguitudi-

381 3478 457 3520 nem
484 3460 591 3543 operis
619 3460 804 3543 temperari.
849 3470 926 3523 sunt
953 3463 1041 3524 enim
1061 3484 1113 3524 res
1137 3483 1217 3547 quas
1240 3471 1273 3524 et
1293 3463 1330 3524 in
1350 3459 1471 3548 pusillo
1492 3468 1523 3522 et

382 3558 417 3620 in
442 3579 562 3643 magno
589 3559 715 3623 theatro
742 3581 874 3624 necesse
900 3572 951 3625 est
977 3563 1092 3626 eadem
1112 3563 1339 3648 magnitudine
1360 3563 1432 3627 fieri
1453 3583 1521 3650 pro·

452 3781 644 3848 lperficiatur
660 3784 729 3834 dcc:
753 3784 938 3850 perspiciatur
957 3787 1015 3836 GH.
1045 3782 1058 3851 ll
1085 3787 1156 3836 lad
1178 3802 1259 3851 quarn
1280 3788 1338 3840 doc.
1363 3785 1429 3851 (qua
1446 3783 1520 3848 rec.):

383 3883 464 3932 quam
482 3866 547 3930 (qui
566 3867 598 3931 G)
618 3868 669 3917 GH
686 3866 875 3930 (altitudinem
889 3868 894 3932 1
910 3885 992 3938 quam
1010 3870 1058 3934 H).
1081 3867 1093 3936 ΙΙ
1116 3873 1132 3920 5
1150 3887 1231 3935 quam
1247 3873 1318 3922 doc:
1336 3871 1408 3936 quod
1427 3869 1474 3936 (qd
1491 3870 1520 3931 θ)

384 3953 436 4002 GH
457 3949 503 4013 (lc,
527 3967 580 4016 quo
598 3950 643 4016 L).
666 3948 679 4018 ll
702 3956 826 4002 sumatur
844 3954 865 4003 (ἰ
888 3951 967 4018 (Lh):
994 3951 1161 4017 sumlmatur
1183 3957 1213 4004 H
1235 3954 1397 4018 (summatur
1414 3956 1456 4020 el).
1476 3951 1522 4021 116

382 4036 518 4100 utrimque
538 4035 632 4102 (Rode)
652 4036 687 4087 ad
705 4037 797 4086 aditus
815 4052 875 4102 eqo:
893 4041 1038 4101 utrumque
1057 4036 1159 4103 (utriq,
1176 4039 1207 4101 G)
1228 4039 1319 4089 aditus
1333 4039 1391 4090 GH.
1416 4036 1429 4106 ΙΙ
1452 4055 1521 4089 meu-

384 4137 466 4170 surae
490 4119 564 4188 (—re
589 4121 621 4185 G)
639 4120 865 4186 perpendiculum
891 4119 966 4183 (-lr'1
990 4121 1022 4185 G)
1044 4123 1094 4172 GH
1112 4123 1159 4186 (lc,
1178 4139 1341 4173 mensuraee
1359 4125 1522 4188 ppcndiculo
1587 4117 1591 4123 ’

383 4205 426 4268 L).
447 4203 459 4271 ΙΙ
483 4209 498 4256 7
515 4206 664 4278 inferiores
681 4206 750 4258 Joc:
768 4205 912 4255 interiores
932 4206 991 4255 GH.
1008 4202 1021 4270 ll
1037 4209 1069 4256 10
1086 4206 1177 4272 dupl&
1195 4205 1252 4270 (cic)
1271 4208 1300 4256 H
1318 4205 1350 4269 (c,
1364 4209 1448 4274 duplo
1460 4208 1494 4272 Ῐι).
1508 4203 1519 4271 Η

385 4291 415 4337 11
435 4288 614 4361 Ῑίὺῐηωοιιῖςο
634 4291 676 4340 6⁶.
700 4286 712 4356 11
735 4288 1303 4356 duodecu(-culGetH)mam(—ma(1¹)
1324 4292 1376 4343 GH
1393 4293 1442 4357 (L,
1461 4293 1523 4342 duo·

385 4372 473 4424 decim
490 4374 532 4438 lc).
555 4371 567 4440 ΙΙ
591 4377 622 4425 12
641 4373 784 4437 diametra,
807 4375 851 4429 Gss.
875 4371 887 4440 ΙΙ
911 4376 942 4424 14
961 4375 1058 4438 quinta
1076 4377 1105 4424 H
1123 4375 1242 4439 (6⁶Ltc):
1262 4381 1362 4440 quarta
1379 4384 1439 4428 ante
1456 4393 1521 4427 corr.

385 4457 415 4507 G.
439 4454 450 4522 ΙΙ
474 4460 505 4509 17
524 4457 653 4523 epistylia
671 4460 711 4509 ed.
732 4458 797 4522 (ch):
828 4457 985 4524 epystilium
1002 4460 1033 4508 H
1050 4456 1119 4524 (m),
1139 4459 1269 4524 Epistiliir
1290 4461 1319 4512 G.
1344 4456 1356 4524 ΙΙ
1381 4463 1448 4510 ecrit
1465 4467 1522 4510 cate

383 4555 452 4594 corr.
472 4542 501 4591 G.
524 4539 536 4607 ΙΙ
559 4544 590 4591 19
609 4541 751 4593 columnae
771 4558 892 4593 summae
910 4542 1100 4593 medianarum
1117 4546 1159 4598 ed.
1178 4544 1245 4609 (ch):
1265 4543 1410 4594 columnae
1429 4541 1449 4607 (.
1462 4542 1521 4604 HL)

383 4637 504 4673 summae
522 4624 612 4674 media
629 4629 710 4689 parte
729 4626 746 4687 (.
758 4626 815 4690 GL)
833 4627 978 4677 columnae
1000 4642 1122 4677 summae
1141 4628 1329 4678 medianarum
1353 4627 1405 4678 GH
1423 4627 1487 4691 (LI).
1506 4623 1519 4689 ΙΙ

384 4707 417 4756 20
436 4705 478 4755 sin
497 4705 555 4770 (sic)
573 4714 633 4757 ante
651 4724 718 4760 corr.
740 4709 768 4758 G.
788 4704 801 4774 ss
823 4711 857 4758 24
874 4713 981 4774 oportet
999 4713 1054 4760 ed:
1073 4717 1202 4776 oportere
1222 4711 1281 4761 GH.
