3784 5625
691 664 737 712 un
760 666 1027 723 recurruoruan
1051 679 1119 725 me.
1143 683 1165 727 1.
1457 673 1496 736 21

353 818 526 884 habuerint
548 822 590 884 ad
606 824 735 887 moenia
757 829 1029 913 comportationes
1053 833 1235 919 expeditas,
1258 847 1336 902 tuno
1358 832 1516 904 turrium

352 943 583 1009 murorumque
611 923 823 991 fundamenta
850 930 897 993 sio
920 940 996 995 sunt
1018 931 1167 999 facienda
1196 939 1245 1001 uti
1268 938 1446 1023 fodiantur,
1470 945 1499 1007 si

352 1032 450 1108 queat
472 1024 624 1107 inveniri,
648 1025 690 1089 ad
713 1026 855 1093 solidum
878 1040 910 1094 et
931 1032 967 1095 in
990 1032 1113 1117 solido,
1137 1047 1295 1122 quantum
1318 1062 1360 1103 cx
1381 1042 1496 1129 ampli·

351 1122 465 1188 tudine
497 1128 604 1213 operis
638 1150 696 1213 pro
729 1130 854 1195 ratione
888 1132 1055 1218 videatur,
1091 1138 1307 1203 crassitudine
1340 1142 1497 1229 ampliore
1547 1223 1549 1227 ,

352 1248 447 1312 quam
463 1229 623 1313 parietum
639 1230 696 1315 qui
718 1253 817 1317 supra
839 1243 959 1297 terram
982 1247 1058 1301 sunt
1080 1238 1200 1322 futuri,
1225 1250 1257 1304 et
1280 1263 1318 1304 ea
1340 1241 1495 1336 implean·
1514 1262 1529 1309 5

315 1343 330 1387 2
355 1336 408 1390 tur
424 1350 519 1414 quam
536 1328 734 1395 solidissima
750 1342 923 1399 structura.
968 1338 1046 1400 item
1061 1348 1166 1405 turres
1190 1351 1265 1405 sunt
1287 1342 1495 1428 proiciendae

349 1432 384 1492 in
407 1432 601 1494 exteriorem
622 1443 758 1519 partem,
782 1438 831 1499 uti
854 1458 928 1500 cum
950 1438 993 1501 ad
1015 1462 1143 1504 murum
1166 1442 1269 1507 hostis
1293 1445 1417 1530 impetu
1440 1466 1494 1507 ve-

348 1529 387 1594 lit
420 1532 697 1619 adpropinquare,
732 1558 752 1598 a
784 1538 929 1602 turribus
959 1538 1076 1606 dextra
1109 1564 1148 1606 ac
1175 1545 1308 1608 sinistra
1335 1543 1493 1611 lateribus

347 1636 469 1719 apertis
500 1633 574 1699 telis
604 1636 803 1701 vulneretur.
859 1640 1104 1729 curandumque
1133 1636 1435 1710 maxime'videtur
1457 1656 1493 1710 ut

347 1757 412 1799 non
440 1735 545 1800 facilis
573 1738 683 1803 aditus
706 1741 749 1804 sit
775 1739 818 1804 ad
840 1745 1096 1828 oppugnandum
1118 1769 1257 1830 murum,
1281 1745 1340 1810 sed
1362 1747 1409 1811 ita
1431 1748 1491 1810 cir·
1513 1767 1544 1814 10

348 1837 566 1902 oumdandum
593 1841 637 1903 ad
664 1840 734 1905 loca
761 1845 954 1931 praecipitia
977 1856 1009 1910 et
1037 1846 1290 1931 excogitandum
1312 1849 1362 1912 uti
1384 1857 1491 1933 porta-

347 1961 418 2001 rum
445 1940 563 2004 itinera
589 1965 654 2007 non
682 1944 747 2007 sint
774 1944 898 2009 directa
926 1947 985 2011 sed
1015 1971 1142 2013 scaeva.
1186 1971 1327 2035 namque
1341 1971 1423 2012 cum
1446 1951 1493 2012 ita

346 2042 468 2107 factum
495 2043 611 2126 fuerit,
642 2054 708 2109 tum
737 2043 889 2110 dextrum
918 2047 1003 2112 latus
1034 2050 1266 2115 accedentibus
1289 2050 1376 2136 quod
1400 2059 1491 2115 scuto

346 2167 410 2208 non
443 2144 504 2208 erit
531 2153 652 2209 tectum
685 2148 870 2236 proximum
904 2152 966 2214 erit
998 2175 1102 2217 muro.
1156 2151 1355 2229 conlocanda
1382 2160 1491 2215 autem

346 2246 465 2333 oppida
498 2257 574 2311 sunt
606 2270 670 2314 non
704 2249 862 2336 quadrata
889 2274 950 2315 nec
977 2254 1246 2339 procurrentibus
1273 2250 1403 2337 angulis
1432 2252 1489 2316 sed
1509 2271 1540 2317 15

346 2348 636 2432 circumitionibus,
660 2352 709 2415 uti
724 2351 827 2416 hostis
843 2375 885 2415 ex
907 2353 1056 2440 pluribus
1079 2354 1159 2418 locis
1182 2354 1411 2438 conspiciatur.
1455 2354 1490 2415 in

346 2450 464 2537 quibus
488 2452 574 2514 enim
596 2452 711 2537 anguli
733 2464 942 2539 procurrunt,
975 2453 1155 2518 difficiliter
1177 2452 1375 2531 defenditur,
1399 2452 1486 2537 quod

312 2551 483 2637 3angulus
511 2554 616 2637 magis
645 2553 771 2619 hostem
798 2563 912 2618 tuetur
937 2578 1035 2642 quam
1063 2556 1178 2617 civem.
1235 2551 1486 2617 crassitudinem

344 2665 452 2719 autem
480 2656 564 2718 muri
592 2657 638 2719 ita
665 2656 849 2720 faciendam
872 2678 987 2721 censeo
1010 2658 1059 2720 uti
1080 2655 1197 2719 armati
1219 2654 1367 2719 homines
1390 2676 1488 2740 supra

344 2758 476 2822 obviam
514 2758 684 2823 venientes
721 2756 805 2823 alius
838 2757 938 2823 alium
971 2758 1041 2823 sine
1077 2756 1279 2844 inpeditione
1310 2756 1539 2843 praeterirem

343 2861 481 2947 possint.
536 2868 605 2923 tum
638 2861 673 2924 in
706 2860 922 2925 crassitudine
956 2869 1133 2946 perpetuae
1161 2858 1266 2923 taleae
1300 2858 1487 2942 oleagineae

343 2961 495 3026 ustilatae
524 2984 621 3048 quam
648 2963 864 3027 creberrimae
892 2964 1112 3043 instruantur,
1141 2961 1190 3024 uti
1218 2969 1374 3045 utraeque
1402 2962 1487 3022 muri

343 3063 466 3128 frontes
488 3065 574 3127 inter
596 3086 645 3146 se,
670 3062 942 3151 quemadmodum
964 3062 1074 3127 fibulis
1080 3112 1089 3145 ‚
1113 3062 1164 3126 his
1186 3061 1282 3126 taleis
1305 3059 1488 3145 conligatae

342 3176 504 3231 aeternam
520 3165 661 3229 habeant
677 3166 873 3229 firmitatem.
917 3186 1057 3250 namque
1072 3166 1103 3228 ei
1124 3164 1280 3226 materiae
1301 3184 1361 3226 nec
1383 3164 1488 3227 caries

342 3290 403 3333 nec
434 3276 644 3354 tempestates
677 3289 737 3330 neo
770 3276 916 3332 vetustas
939 3275 1047 3352 potest
1068 3286 1201 3347 nocere,
1236 3263 1294 3327 sed
1328 3285 1365 3326 ea
1393 3273 1425 3326 et
1453 3265 1487 3327 in
1506 3281 1538 3328 aa

343 3380 430 3434 terra
452 3368 568 3433 obruta
591 3379 623 3433 et
645 3371 679 3433 in
701 3391 786 3456 aqua
808 3367 975 3433 conlocata
997 3376 1165 3454 permanet
1188 3366 1258 3431 sine
1281 3365 1373 3429 vitiis
1395 3362 1504 3428 utilis

342 3472 549 3557 sempiterno.
599 3473 709 3558 itaque
736 3493 802 3535 non
828 3469 932 3534 solum
960 3471 995 3533 in
1022 3490 1113 3532 muro
1142 3465 1200 3531 sed
1229 3468 1326 3530 etiam
1353 3467 1387 3529 11
1410 3464 1486 3530 sub-

307 3598 311 3604 ·
343 3573 576 3638 structionibus
606 3574 725 3659 quique
758 3573 898 3660 parietes
926 3569 1044 3635 murali
1071 3567 1289 3633 crassitudine
1317 3576 1411 3630 erunt
1438 3565 1485 3628 fa·

307 3674 454 3741 tciundi
482 3673 543 3736 hac
568 3677 693 3739 ratione
719 3672 850 3758 religati
877 3695 942 3738 non
965 3674 1029 3737 cito
1052 3671 1268 3737 vitiabuntur.
1312 3666 1487 3733 intervalla

413 3885 425 3930 l
444 3880 591 3929 habuerint
609 3883 663 3931 ed:
683 3881 753 3930 -rit
773 3881 830 3931 GH.
853 3876 866 3947 ss
889 3884 904 3931 3
923 3883 1007 3945 queat
1019 3881 1060 3930 ed.
1074 3879 1126 3930 Fa:
1146 3880 1251 3943 queant
1265 3876 1323 3925 GH.
1348 3872 1360 3939 ΙΙ
1382 3872 1485 3923 411111-

343 3972 405 4018 atur
425 3967 457 4015 G:
477 3967 593 4012 -antur
605 3965 634 4012 H
647 3962 726 4028 (hle).
739 3961 751 4031 ΙΙ
764 3964 934 4016 cassitndine
952 3971 1011 4013 ante
1023 3979 1091 4014 corr.
1112 3964 1147 4014 H.
1170 3957 1183 4026 ss
1206 3962 1222 4010 5
1241 3960 1328 4008 futuri
1340 3961 1404 4007 sunt
1422 3956 1454 4004 L.
1471 3953 1483 4019 {l

343 4049 556 4102 bvulnerentur
575 4048 621 4098 60:
647 4048 826 4099 vulnerentur
845 4050 903 4102 GH.
927 4045 939 4115 Η
964 4052 995 4098 13
1013 4052 1071 4096 tum
1089 4047 1120 4095 H
1137 4044 1224 4108 (Ηώς
1251 4037 1485 4104 (1111611111-

343 4136 473 4186 dentibus
497 4129 657 4196 GH0(Llc):
681 4133 900 4186 aseendendrbus
925 4132 983 4198 (sic)
1008 4138 1067 4181 ante
1090 4145 1159 4182 corr.
1183 4130 1218 4177 H.
1236 4123 1248 4191 Η
1266 4125 1337 4189 quod
1361 4125 1407 4173 θοι
1432 4137 1485 4184 quo

313 4268 319 4274 .
346 4222 404 4271 GH.
425 4216 437 4285 11
462 4222 492 4269 18
511 4219 597 4268 tuber
615 4219 644 4266 H
656 4215 738 4281 (Lle):
759 4222 870 4268 tueatur
884 4219 913 4269 G.
936 4214 950 4282 ΙΙ
974 4220 1004 4267 19
1024 4218 1115 4264 autem
1133 4229 1180 4265 ora.
1194 4212 1226 4264 L.
1247 4206 1486 4275 11211111Ρ111.;

345 4305 407 4354 dum
428 4300 616 4369 (1111111111
637 4304 693 4353 Joc.
717 4298 743 4366 (e
760 4319 783 4354 u.
801 4301 861 4365 23):
891 4301 1006 4351 tabulae
1031 4301 1088 4349 GH.
1112 4294 1124 4362 [Ι
1149 4298 1180 4345 22
1204 4293 1348 4344 ustilatae:
1379 4293 1416 4341 stc
1436 4291 1488 4340 GH
1587 4304 1594 4312 ’

345 4388 424 4452 (Llc).
446 4386 457 4453 ΙΙ
483 4391 515 4438 23
532 4385 655 4438 1111111111
671 4388 722 4436 GH
738 4383 774 4450 (c,
792 4385 916 4451 histalerl
925 4387 958 4446 L,
977 4384 1020 4434 hil
1034 4381 1119 4432 taleis
1133 4379 1162 4443 1).
1178 4374 1240 4446 [124
1258 4377 1393 4427 maceriae
1412 4376 1454 4424 (1¹⁶.
1471 4370 1483 4434 ll

343 4490 396 4523 nee
415 4488 500 4522 canes
520 4470 564 4535 (cf.
589 4471 654 4529 VII,
675 4475 700 4529 3,
720 4470 745 4535 1)
767 4470 842 4519 G⁶H⁶
862 4466 907 4532 (L,
926 4481 1069 4518 neccarres
1087 4465 1120 4531 111
1139 4480 1188 4516 nee
1207 4465 1279 4514 aries
1298 4467 1356 4510 ante
1375 4475 1444 4509 corr.
1466 4458 1486 4506 G

345 4560 411 4621 (111),
435 4558 602 4607 necessaries
624 4562 683 4606 ante
702 4573 771 4607 rorr.
792 4556 827 4604 H.
851 4550 863 4619 ΙΙ
891 4554 923 4602 25
945 4556 1123 4618 tempestates
1146 4552 1174 4600 H
1192 4547 1263 4613 (Ll):
1290 4549 1440 4610 tempestas
1465 4543 1485 4591 G

345 4641 406 4705 (11).
434 4638 446 4707 ΙΙ
469 4644 501 4692 26
524 4647 665 4707 permanet
684 4642 705 4691 G
724 4639 783 4705 (th
807 4642 969 4704 permanent
989 4634 1094 4699 11111).
1122 4633 1134 4701 ΙΙ
1161 4637 1195 4685 28
1217 4631 1343 4684 faciundi
1366 4630 1417 4685 Gli
1440 4627 1487 4692 (L,

345 4726 443 4783 eendi
462 4724 504 4790 lc).
