3784 5625
692 647 739 694 on
762 646 1029 695 assumserunt
1053 650 1122 695 nm.
1146 651 1196 697 111.
1476 639 1515 703 u

371 797 620 864 intercolumnio
641 801 761 885 poterit
782 798 954 881 conlocari,
978 810 1010 864 et
1031 802 1189 888 spirarum
1213 801 1391 890 plinthides
1414 828 1516 893 aeque

371 922 509 987 magnae
542 901 609 965 sint
642 901 672 965 ei
699 902 804 988 spatio
839 902 926 987 quod
960 902 1060 968 fuerit
1093 905 1178 968 inter
1210 904 1290 969 duas
1325 906 1514 992 plinthides,

370 1001 645 1090 quemadmodum
667 1012 717 1067 est
732 1002 895 1067 Fortunae
909 1004 1079 1090 Equestris
1101 1006 1145 1069 ad
1166 1005 1329 1070 theatrum
1351 1007 1515 1095 lapideum

336 1104 578 1191 3reliquaeque
606 1116 689 1190 quae
717 1103 841 1169 eisdem
869 1104 1048 1170 rationibus
1077 1115 1152 1170 sunt
1179 1110 1387 1194 compositae.
1436 1110 1515 1173 haec

368 1215 507 1293 utraque
533 1227 653 1290 genera
680 1206 840 1270 vitiosum
866 1205 989 1271 habent
1016 1228 1122 1271 usum.
1171 1217 1290 1273 matres
1313 1210 1399 1273 enim
1420 1211 1548 1275 fami-5

368 1306 487 1372 liarum
504 1328 577 1371 oum
598 1306 641 1371 ad
664 1305 934 1394 supplicationem
956 1307 1113 1393 gradibus
1135 1309 1330 1392 ascendunt,
1353 1334 1419 1375 non
1440 1333 1513 1397 pos-

369 1419 445 1474 sunt
467 1430 526 1496 per
547 1408 797 1474 intercolumnia
818 1408 989 1495 amplexae
1010 1410 1102 1473 adire
1124 1411 1189 1474 nisi
1211 1411 1341 1476 ordines
1364 1412 1513 1493 fecerint,

368 1513 448 1575 item
477 1508 648 1575 valvarum
674 1519 825 1596 aspectus
856 1510 1061 1575 abstruditur
1090 1510 1313 1578 columnarum
1340 1513 1514 1578 crebritate

368 1614 504 1699 ipsaque
531 1612 627 1696 signa
649 1611 879 1694 obscurantur,
906 1613 986 1676 item
1013 1614 1100 1676 circa
1122 1613 1236 1677 aedem
1257 1623 1391 1700 propter
1411 1636 1512 1699 angu-

334 1715 449 1779 tstias
482 1712 694 1800 inpediuntur
725 1711 975 1779 ambulationes.
1031 1714 1167 1801 diastyli
1197 1724 1308 1779 autem
1340 1714 1420 1779 haee
1452 1716 1514 1781 erit
1533 1732 1564 1780 10

367 1816 576 1902 compositio,
605 1834 679 1877 cum
705 1813 805 1879 trium
833 1814 1055 1879 columnarum
1089 1817 1340 1881 crassitudinem
1372 1818 1510 1881 interco-

366 1915 490 1982 lumnio
524 1918 729 2002 interponere
766 1938 961 2001 possumne,
994 1926 1160 2003 tamquam
1197 1928 1246 1982 est
1281 1917 1445 2005 Apollinis
1480 1928 1512 1983 et

366 2018 495 2082 Dianae
509 2015 612 2081 aedis.
656 2017 736 2080 haec
756 2016 928 2103 dispositio
950 2018 1034 2081 hanc
1054 2018 1154 2083 habet
1176 2019 1402 2085 difficultatem
1425 2019 1512 2106 quod

366 2118 522 2207 epistylia
558 2127 691 2206 propter
729 2118 977 2184 intervallorum
1014 2120 1274 2205 magnitudinem
1305 2122 1510 2207 franguntur.

331 2223 400 2286 oin
428 2219 620 2307 araeostylis
648 2229 759 2286 autem
786 2242 848 2284 nec
875 2220 1014 2307 lapideis
1041 2243 1102 2285 nec
1129 2223 1317 2286 marmoreis
1347 2222 1510 2308 epistyliis
1532 2237 1562 2284 15

365 2324 416 2388 uti
438 2323 549 2406 datur,
580 2322 638 2386 sed
665 2321 870 2408 inponendae
893 2323 934 2385 de
956 2324 1092 2387 materia
1113 2321 1223 2386 trabes
1246 2331 1433 2408 perpetuae.
1479 2331 1511 2385 ot

364 2427 512 2513 ipsarum
543 2422 673 2487 aedium
706 2426 829 2509 species
863 2433 938 2487 sunt
971 2423 1210 2510 barycephalae
1243 2421 1380 2486 humiles
1414 2423 1509 2503 latae,

364 2536 585 2611 ornanturque
600 2526 703 2609 signis
726 2524 880 2589 fictilibus
902 2534 959 2589 aut
980 2525 1084 2588 aereis
1106 2525 1264 2589 inauratis
1287 2545 1398 2595 earum
1418 2524 1510 2587 fasti-

363 2628 421 2713 gia
439 2628 607 2692 tuscanico
628 2648 717 2691 more
724 2675 733 2708 ,
761 2625 811 2690 uti
833 2636 883 2690 est
904 2626 947 2690 ad
969 2626 1100 2691 Circum
1122 2625 1304 2689 Maximum
1326 2624 1455 2690 Cereris
1478 2634 1510 2690 et

364 2728 519 2795 Herculis
541 2728 739 2817 Pompeiani,
762 2729 841 2792 item
864 2727 1029 2815 Capitolii.
1357 2760 1364 2792 ,·
1527 2743 1560 2791 20

329 2846 345 2894 6
450 2830 632 2896 Reddenda
658 2852 745 2896 nunc
767 2839 817 2894 est
840 2830 960 2918 eustyli
981 2832 1083 2914 ratio,
1112 2852 1195 2916 quae
1221 2830 1364 2894 maxime
1392 2829 1508 2917 proba-

364 2933 443 2999 bilis
477 2942 510 2998 et
541 2933 584 2997 ad
610 2955 707 2998 usum
733 2940 765 2996 et
791 2931 834 2994 ad
863 2933 1005 3019 speciem
1033 2941 1066 2995 et
1092 2933 1136 2995 ad
1158 2931 1344 2996 firmitatem
1365 2933 1508 2996 rationes

364 3034 465 3100 hahet
479 3034 671 3122 explicatas.
714 3055 854 3118 namque
869 3033 1021 3098 facienda
1043 3043 1119 3098 sunt
1140 3034 1174 3096 in
1196 3032 1380 3097 intervallis
1402 3034 1509 3118 spatia

364 3139 503 3202 duarum
518 3137 738 3202 columnarum
754 3144 785 3198 et
801 3145 934 3221 quartae
956 3137 1058 3222 partis
1081 3134 1248 3199 columnae
1270 3135 1508 3214 crassitudinis,

365 3238 573 3325 mediumque
604 3237 888 3302 intercolumnium
915 3260 1015 3301 unum
1043 3236 1129 3321 quod
1158 3237 1220 3298 erit
1246 3236 1282 3298 in
1309 3234 1432 3316 fronte,
1461 3233 1506 3296 al·
1525 3251 1558 3298 25

363 3351 471 3406 terum
493 3338 580 3427 quod
602 3342 637 3405 in
659 3340 797 3425 postico,
819 3340 919 3403 trium
941 3337 1162 3402 columnarum
1185 3335 1408 3400 crassitudine.
1460 3337 1507 3399 sic

365 3445 452 3507 enim
484 3440 620 3507 habehit
647 3450 680 3506 et
707 3441 911 3526 figurationis
939 3447 1106 3526 aspectum
1134 3447 1309 3503 venustum
1339 3446 1371 3502 et
1397 3437 1506 3501 aditus

431 3699 493 3750 aei
513 3699 586 3752 Lon:
605 3698 675 3750 &H
692 3696 785 3762 (θοις,
804 3712 817 3746 u
839 3697 866 3761 t),
886 3713 918 3747 eo
937 3705 997 3747 ante
1015 3713 1084 3748 corr.
1105 3697 1135 3746 G.
1159 3693 1171 3763 ss
1194 3696 1325 3747 3theari1
1344 3696 1373 3744 G.
1397 3692 1409 3761 Η
1431 3698 1507 3745 tre-

353 3790 527 3868 ·hqffiuaeq
546 3799 575 3848 H
597 3797 625 3862 (i.
644 3815 667 3850 e.
691 3799 816 3863 reliquae
835 3812 933 3863 quaeq3
953 3798 1005 3854 Hc,
1023 3796 1129 3862 relique
1149 3811 1257 3862 queque
1276 3796 1348 3858 Ltc),
1372 3795 1504 3860 reliquom

365 3903 417 3954 quq
441 3884 472 3936 G.
499 3881 511 3950 ll
538 3886 555 3934 8
577 3888 707 3949 aspectus
730 3883 751 3933 G
776 3881 865 3946 (aaut
894 3883 1042 3946 abspectus
1072 3883 1101 3930 H
1130 3877 1170 3944 (l).
1199 3877 1211 3946 ΙΙ
1237 3879 1466 3930 abstruitur.L⁶.
1492 3876 1503 3942 ll

364 3973 380 4021 9
408 3973 543 4035 angustas
567 3969 614 4023 L0.
641 3965 654 4035 ll
682 3971 713 4018 13
735 3967 812 4017 aedis
837 3967 888 4016 GH
914 3965 960 4030 (lc,
990 3964 1075 4014 aedes
1098 3965 1141 4024 L).
1167 3960 1178 4029 ll
1203 3963 1422 4020 difficultatem
1452 3977 1505 4011 oum

363 4070 417 4106 ras.
441 4054 479 4107 H.
504 4048 517 4121 ΙΙ
546 4055 578 4105 15
599 4054 692 4104 Inare'
708 4052 799 4104 ostilis
824 4051 857 4109 G,
884 4051 917 4099 In
940 4048 1088 4113 areostylis
1106 4049 1135 4097 H
1158 4044 1204 4109 (L,
1231 4048 1263 4097 In
1287 4045 1426 4098 areostilis
1444 4046 1503 4101 tect,

364 4140 396 4190 In
428 4136 568 4190 aristoclis
597 4137 632 4204 c).
664 4135 676 4204 ll
709 4139 745 4187 17,
770 4133 976 4201 barycephalae
1010 4133 1095 4182 Man:
1131 4128 1251 4194 balryce
1284 4128 1446 4195 parycefale
1475 4129 1504 4178 H

366 4224 479 4289 (barycq
494 4264 500 4277 .
513 4220 690 4302 parycevfalq
709 4222 759 4282 Lo,
782 4220 885 4284 baryee
907 4215 1070 4283 parycefale
1092 4215 1134 4274 ch,
1157 4216 1260 4278 baryce
1272 4255 1278 4266 .
1292 4228 1393 4279 paryce
1409 4210 1414 4274 Ι
1429 4214 1439 4261 l
1455 4227 1502 4264 om.

365 4342 422 4392 tale
435 4342 506 4407 quod
515 4341 588 4390 addit
599 4340 640 4404 tc),
658 4339 754 4404 baricq
771 4352 840 4402 pary
849 4336 852 4401 l
861 4351 892 4386 oe
911 4335 969 4385 fale
984 4335 1005 4384 G
1023 4331 1060 4397 (tn
1071 4332 1212 4396 archetypo
1223 4333 1278 4381 scit.
1289 4330 1379 4393 fuerat
1388 4294 1502 4396 pdirybe·

365 4425 444 4489 fale).
468 4421 481 4490 ΙΙ
505 4426 537 4475 19
555 4421 779 4490 ce(cq·G¹)reris
798 4422 820 4470 G
838 4418 897 4483 (L):
922 4417 1036 4468 calceris
1053 4418 1083 4465 H
1100 4414 1148 4479 (eh,
1169 4416 1270 4466 ceteris
1288 4415 1317 4478 l).
1340 4410 1353 4480 ΙΙ
1375 4415 1502 4479 2001ρί-

366 4509 426 4561 tolii
445 4509 479 4559 G:
500 4508 616 4574 capituli
633 4509 662 4557 H
680 4505 758 4570 (Δία).
781 4501 794 4571 ll
816 4506 847 4553 21
867 4500 960 4552 eustili
980 4502 1009 4565 G,
1029 4499 1112 4563 estyli
1132 4501 1158 4548 H
1177 4499 1256 4563 (Luc,
1275 4498 1351 4550 estili
1363 4506 1503 4549 anteeorr.

366 4595 398 4658 L,
416 4593 430 4644 1
448 4607 479 4643 es
496 4593 614 4659 inmarp.
634 4593 667 4642 G⁶
684 4593 701 4641 i.
715 4606 737 4640 e.
755 4589 800 4642 vel
818 4584 914 4650 estili).
936 4581 949 4652 Η
971 4587 1004 4635 23
1018 4584 1198 4649 explica}tas
1216 4599 1334 4635 cumras.
1347 4584 1382 4634 H.
1399 4578 1418 4648 ,ΙΙ
1440 4587 1504 4635 suut

368 4692 554 4746 inintervallis
572 4695 601 4745 H
619 4690 710 4759 (Lcls):
734 4693 798 4742 sunt
819 4685 977 4738 intervallis
989 4686 1017 4737 G
1035 4671 1216 4750 (stlintuelhs
1234 4685 1263 4750 l).
