3784 5625
422 616 484 680 298
606 632 653 676 nr
675 630 836 677 nrvnusrs
860 628 1020 676 raunrors
1043 627 1394 676 Ascurrncrorucan.

424 785 560 849 candem
586 784 685 848 habet
713 784 878 847 virtutem.
924 780 982 845 sed
1010 781 1170 866 quomodo
1199 780 1241 843 de
1267 782 1353 867 pino
1386 784 1513 846 resina
1540 781 1594 846 de-

424 888 540 969 currit,
564 887 612 950 sic
640 895 671 950 et
701 907 743 948 ex
772 906 810 947 ea
832 883 939 949 oleum
967 882 1054 969 quod
1083 883 1230 946 cedrium
1258 883 1403 948 dieitur.
1456 885 1489 948 si
1518 883 1595 948 libri

422 998 479 1053 aut
501 988 590 1051 clusa
613 1009 649 1051 eo
672 988 882 1072 inungantur,
905 1008 1081 1072 numquam
1101 986 1200 1049 tineis
1215 995 1270 1049 aut
1286 987 1385 1049 carie
1401 985 1593 1050 solventur.

423 1092 533 1154 multis
560 1092 671 1175 itaque
699 1087 828 1174 templis
857 1097 989 1175 propter
1016 1089 1244 1151 aeternitatem
1271 1109 1317 1150 ex
1342 1110 1384 1151 ea
1417 1087 1595 1153 lacunaria

423 1201 498 1256 sunt
520 1191 617 1254 facta.
662 1192 761 1254 etiam
783 1190 861 1254 folia
884 1192 952 1254 eius
976 1211 1130 1276 cupresso
1153 1189 1273 1253 similia
1297 1199 1393 1253 sunt.
1444 1194 1623 1256 nascitura

422 1295 565 1358 maxime
586 1294 621 1356 in
637 1292 735 1357 Creta
757 1301 789 1356 et
810 1294 845 1355 in
860 1291 976 1355 Africa
998 1302 1030 1354 et
1052 1293 1086 1354 in
1102 1291 1218 1379 Syriae
1237 1292 1459 1375 regionibus.
1497 1317 1593 1381 quae·

424 1418 561 1482 cumque
584 1417 660 1479 ergo
684 1404 839 1480 exparte
868 1393 1048 1457 meridiana
1078 1394 1258 1457 caeduntur
1284 1393 1453 1461 utiliores
1487 1406 1594 1478 erunt,

424 1520 466 1560 ex
494 1507 586 1584 parte
607 1506 721 1560 autem
748 1495 994 1582 septentrionali
1021 1497 1222 1582 proceriores
1250 1505 1330 1560 sunt
1359 1496 1514 1564 arbores
1537 1498 1595 1562 sed

424 1603 488 1664 cito
510 1600 678 1663 vitiantur.

286 1704 341 1745 ΧΙΗ·
367 1705 396 1743 ¹³⁰
507 1702 617 1764 Primo
650 1701 697 1763 ita
724 1709 828 1764 cortes
857 1709 889 1764 et
923 1699 1050 1764 culinae
1084 1699 1198 1763 calidis
1231 1698 1314 1777 locis
1346 1701 1596 1786 designentur.
1614 1718 1640 1765 10

275 1756 354 1795 fabrica
371 1755 407 1794 ril-

273 1806 414 1910 ΗΗΗΗΗΗ
423 1800 549 1866 bubilia
575 1803 609 1864 in
637 1810 730 1887 parte
759 1803 939 1866 meridiana
967 1803 1014 1865 ita
1040 1812 1077 1867 ut
1098 1802 1141 1864 ad
1168 1810 1273 1865 ortum
1303 1812 1364 1865 aut
1399 1803 1451 1867 ad
1483 1804 1597 1868 focum

286 1943 341 1980 Vp,
355 1944 402 1989 gg
423 1904 525 1967 boves
559 1913 716 1988 spectent.
761 1904 950 1968 nitidiorem
982 1905 1068 1967 enim
1102 1903 1224 1967 cultum
1250 1905 1454 1990 recipiunt,
1494 1907 1525 1970 si
1556 1907 1598 1970 ad

274 1992 409 2044 (⁹³¹¹·¹’‘²¹l'
424 2005 533 2069 lumen
554 2005 733 2068 attendant.
777 2005 917 2070 latitudo
939 2024 987 2069 xv
1009 2006 1149 2092 pedibus
1177 2005 1377 2091 disponatur
1405 2017 1444 2071 et
1469 2010 1507 2072 in
1531 2011 1597 2072 sin·

424 2108 510 2192 gulis
538 2107 671 2194 paribus
694 2126 758 2171 vlu
786 2108 886 2194 pedes
915 2107 1149 2193 relinquantur.
1194 2105 1318 2193 equilia
1348 2109 1485 2174 calidis
1516 2110 1598 2176 locis

425 2210 629 2291 ordinentur,
664 2219 696 2273 et
723 2208 912 2273 obscuriora
943 2209 1022 2272 fiant
1051 2218 1086 2272 ut
1114 2209 1220 2272 securi
1251 2210 1329 2294 equi
1365 2211 1641 2296 pabulentur.15

424 2310 524 2374 ovilia
552 2321 584 2375 et
610 2310 746 2397 caprilia
773 2334 831 2396 pro
860 2310 1085 2395 magnitudine
1117 2313 1189 2394 agri
1217 2310 1465 2396 disponantur.
1515 2315 1599 2379 cella

425 2414 552 2475 vinaria
581 2422 693 2476 contra
719 2411 952 2496 frigidissimas
981 2412 1062 2476 caeli
1084 2412 1197 2499 plagas
1220 2410 1433 2478 conlocetur.
1484 2417 1599 2481 lumen

424 2515 575 2599 fenestris
601 2536 621 2576 a
649 2516 870 2601 septentrione
897 2514 1079 2596 tribuatur,
1108 2525 1144 2578 ut
1172 2512 1317 2600 undique
1347 2514 1513 2600 frigidus
1543 2542 1600 2583 aer

424 2618 503 2679 vina
530 2615 703 2680 incolumia
737 2625 856 2680 servet.
906 2638 1027 2701 vapore
1055 2618 1141 2680 enim
1171 2618 1278 2680 omnia
1308 2631 1597 2707 corrumpuntur.
1665 2695 1667 2700 ¹

425 2716 566 2783 torcular
593 2718 691 2781 huius
714 2719 749 2781 in
771 2720 991 2804 septentrione
1013 2729 1162 2804 ponatur.
1206 2716 1288 2781 cella
1316 2729 1443 2784 autem
1472 2722 1596 2787 olearis
1612 2735 1639 2783 20

424 2823 459 2884 in
481 2820 617 2883 meridie
645 2821 872 2886 constituenda
895 2831 953 2886 est.
998 2822 1161 2885 fenestrae
1183 2821 1225 2884 ab
1248 2819 1368 2885 cadem
1401 2835 1507 2910 parte
1538 2829 1595 2890 tri-

425 2923 576 3003 buantur,
599 2943 640 2983 ne
662 2923 784 3007 frigore
806 2923 911 2987 oleum
934 2946 1008 2988 cum
1030 2922 1180 2987 sordibus
1202 2923 1392 2987 retineatur
1418 2936 1455 2991 et
1479 2929 1595 2992 suavi·

424 3034 474 3089 tas
498 3025 621 3111 saporis
644 3008 783 3110 pereat'
805 3024 948 3089 torcular
969 3025 1065 3088 huius
1088 3026 1121 3087 in
1136 3025 1272 3089 meridie
1289 3033 1482 3092 statuatur.
1525 3053 1592 3093 ma·
1686 3047 1687 3104 ξ

424 3127 561 3211 gnitudo
583 3150 642 3213 pro
664 3127 867 3191 abundantia
888 3128 936 3190 rei
958 3126 1025 3191 fiat.
1070 3128 1222 3211 granaria
1243 3126 1286 3189 ad
1310 3133 1589 3212 septentrionem
1686 3113 1687 3172 ἕ

424 3228 478 3292 vel
505 3228 689 3315 aquilonem
718 3237 882 3316 spectent,
910 3238 947 3293 ut
969 3250 1043 3292 aere
1063 3227 1215 3312 gelidiori
1237 3228 1352 3312 fruges
1380 3233 1499 3298 tutius
1524 3256 1590 3299 ser·
1606 3244 1631 3292 εἰ

493 3472 508 3519 2
527 3469 590 3519 oleri
606 3487 655 3533 pp:
675 3469 735 3519 oleo
752 3488 774 3519 u.
795 3466 808 3534 Η
829 3469 949 3519 cedrium
968 3468 1074 3530 (Vitr.):
1095 3468 1189 3519 cedria
1200 3485 1258 3533 opp.
1273 3463 1286 3533 Η
1303 3470 1328 3518 si
1340 3467 1415 3520 libri
1425 3490 1483 3537 pp:
1504 3474 1590 3540 silbri

424 3572 446 3607 o.
470 3550 483 3621 Η
505 3558 587 3604 3aut
610 3555 703 3603 clusa:
725 3558 762 3602 εἰσ
783 3570 833 3618 opp
856 3555 914 3617 (sed
929 3556 984 3603 vitii
1003 3556 1099 3618 siparum
1121 3558 1181 3605 add.
1200 3554 1249 3618 p0).
1276 3549 1288 3619 Η
1317 3554 1506 3621 inungantur
1528 3577 1590 3625 opp:

424 3645 559 3720 —gdntur
576 3666 614 3721 pc.
630 3653 641 3721 Η
658 3658 674 3704 4
693 3671 726 3704 ea
744 3672 789 3719 vp:
810 3671 841 3705 eo
861 3672 887 3719 p.
911 3652 924 3721 Η
946 3656 1090 3706 lacunaria
1105 3673 1134 3721 p.
1152 3653 1163 3722 Η
1183 3658 1199 3706 5
1218 3657 1302 3704 etiam
1321 3671 1387 3720 epo:
1409 3674 1482 3709 nam
1502 3680 1564 3727 opp.
1576 3661 1589 3726 Η
1685 3657 1687 3686 ³

425 3758 496 3807 eius:
519 3759 557 3806 εἰσ
574 3773 631 3822 opp.
654 3756 665 3824 Η
685 3762 749 3808 sunt
769 3742 805 3821 (f)
823 3774 917 3806 rasura
935 3759 985 3806 det.
1002 3768 1037 3811 oc.
1054 3754 1065 3823 Η
1081 3760 1097 3806 6
1115 3760 1143 3807 in
1157 3758 1245 3807 africa
1257 3756 1279 3805 tr
1292 3756 1320 3805 in
1340 3761 1446 3821 syriae
1461 3765 1589 3828 regioni·

425 3842 475 3891 bus
494 3857 537 3905 ap:
557 3842 586 3890 in
604 3843 672 3890 siria
690 3840 713 3891 tr
730 3842 758 3890 in
778 3843 865 3907 africp
883 3843 1041 3905 regionibus
1058 3860 1083 3907 p.
1108 3839 1119 3908 Η
1145 3845 1175 3893 10
1194 3844 1234 3892 ita
1253 3846 1357 3892 cortes:
1384 3847 1427 3893 εἰσ
1446 3862 1505 3912 opp
1526 3848 1590 3911 (ita-
1630 3845 1633 3852 ’

425 3942 478 3990 que
490 3926 539 3991 p0).
557 3922 569 3991 Η
586 3927 666 3992 eulnp
678 3944 703 3991 p.
721 3923 732 3993 Η
751 3929 780 3975 11
800 3929 828 3975 in
848 3932 954 3991 partem
967 3927 1147 3976 meridianam
1166 3926 1246 3990 (—·nit
1258 3926 1288 3990 p)
1307 3943 1358 3990 opp
1379 3928 1470 3991 (corr.
1493 3933 1563 3996 ed).
1578 3932 1589 3998 Η

425 4014 455 4059 12
475 4014 603 4075 spectent
622 4014 676 4063 ed:
696 4016 841 4075 expectent
858 4028 915 4075 opp,
939 4007 951 4076 Η
977 4013 1008 4060 13
1026 4012 1076 4059 XV
1094 4029 1121 4061 v:
1146 4012 1299 4075 quindecim
1315 4027 1361 4074 pp.
1388 4010 1403 4078 Η
1428 4014 1591 4081 disponan-

423 4100 468 4143 tur
487 4092 544 4158 (εἰσ)
569 4112 598 4160 υ,Ι
625 4094 744 4158 quod(qd
761 4094 912 4160 p)ponatur
936 4112 980 4159 pp.
1003 4091 1015 4158 Η
1044 4097 1075 4143 14
1098 4096 1212 4159 paribus
1234 4095 1304 4143 Mar.
1330 4093 1380 4155 (ex
1409 4100 1516 4164 Pau.):
1542 4119 1591 4167 pa-

423 4180 540 4229 rietibus
557 4195 613 4243 opp.
637 4176 649 4244 Η
672 4179 739 4229 VIII
756 4197 770 4229 υ
790 4178 891 4243 (Ραίἰ.)ε
911 4180 991 4229 VIIII
1006 4195 1052 4243 pp.
1076 4177 1087 4244 Η
1107 4188 1168 4243 post
1186 4180 1380 4243 relinquantur
1400 4198 1440 4233 ea:
1465 4186 1592 4238 Vitruvio

424 4265 462 4326 (p.
482 4268 540 4326 146,
551 4262 663 4325 27-29)
682 4264 745 4313 Ιισσσ
762 4264 840 4314 verba
856 4264 941 4313 subdit
958 4280 986 4328 p:
1005 4263 1144 4312 Bubilium
1163 4269 1255 4313 autem
1273 4263 1380 4313 debent
1400 4282 1471 4319 esse
1493 4270 1592 4321 latitu-

424 4348 518 4398 dines.
532 4364 583 4398 nec
606 4347 723 4398 minores
745 4348 843 4412 pedum
866 4348 1042 4397 denum.nec
1065 4349 1183 4397 maiores
1205 4347 1526 4416 Vdenum.longitudo
1550 4358 1593 4407 uti

423 4432 534 4496 singula
551 4434 618 4497 iuga
641 4448 693 4481 nec
717 4433 804 4482 minus
827 4433 910 4497 pedes
933 4437 1069 4497 occupent
1090 4436 1229 4497 septenos.
1251 4428 1263 4497 Η
1290 4430 1425 4495 thuilia
1448 4454 1482 4502 p,
1517 4439 1531 4507 Η
1562 4444 1593 4492 16

424 4515 498 4566 ovila
516 4534 538 4569 v.
560 4513 571 4582 Η
592 4516 772 4582 disponantur
788 4534 815 4568 c:
835 4515 956 4582 quod(qd'
970 4516 1139 4582 plponantur
1155 4533 1190 4581 pp
1208 4514 1245 4577 (ut
1263 4515 1483 4579 quodponenda
1504 4530 1534 4575 in
1553 4530 1592 4578 rit.

423 4600 494 4649 huius·
507 4604 598 4664 rapitr's
612 4618 662 4664 pro
679 4600 786 4665 comp).
799 4597 811 4666 Η
828 4604 859 4652 19
871 4602 1020 4653 incolomis
1032 4620 1072 4666 op.
1086 4599 1097 4667 Η
1113 4604 1146 4651 20
1159 4599 1278 4650 torculor
1288 4617 1316 4662 p.
1332 4596 1344 4665 Η
1362 4608 1593 4667 septentrione:

422 4683 459 4731 εἰσ
477 4698 533 4746 opp.
557 4680 568 4749 Η
592 4687 623 4733 22
642 4686 795 4735 retineatur
814 4684 979 4746 (rbeneatur
996 4686 1019 4753 υ)
1039 4702 1086 4736 om.
1103 4704 1131 4751 p.
1153 4681 1165 4751 Η
1188 4685 1221 4733 25
1239 4682 1382 4749 gelidiori:
1403 4691 1447 4739 εἰσ
1465 4709 1533 4761 opp.
