3784 5625
713 655 759 701 oe
778 654 1049 717 ¹Arscrnrucruua
1071 659 1140 704 mn.
1164 661 1224 705 vn.
1440 685 1444 689 ,
1478 650 1537 714 167

481 805 564 871 Cum
591 828 737 870 camerae
759 806 880 893 politae
900 806 1037 890 fuerint,
1066 809 1127 874 sub
1151 833 1204 874 eas
1228 834 1364 877 coronae
1387 827 1462 880 sunt
1484 840 1535 882 su·

393 907 584 989 biciendae,
609 930 687 994 quas
710 910 852 972 maxime
874 922 987 973 tenues
1011 918 1043 973 et
1064 911 1201 975 subtiles
1224 925 1372 999 oportere
1393 918 1464 981 fieri
1486 920 1534 981 vi-

336 1091 349 1107 ·
394 1009 536 1073 debitur.
580 1032 653 1073 curn
681 1010 767 1073 enirn
795 1010 1051 1095 grandes-sunt,
1079 1014 1221 1098 pondere
1250 1014 1455 1088 deducuntur
1476 1041 1536 1082 nec
1576 1044 1580 1051 ·

393 1120 531 1196 possunt
559 1133 594 1175 se
622 1112 793 1175 sustinere.
836 1112 869 1173 in
898 1113 1014 1199 hisque
1041 1115 1174 1177 minime
1195 1137 1338 1202 gypsum
1360 1118 1456 1183 debet
1478 1119 1534 1182 ad-

393 1212 539 1295 misceri,
568 1211 626 1275 sed
655 1234 697 1276 ex
723 1221 811 1277 creto
838 1234 998 1277 marmore
1024 1236 1089 1279 uno
1111 1223 1223 1280 tenore
1243 1218 1395 1304 perduci,
1424 1222 1474 1284 uti
1494 1237 1570 1285 nos

392 1313 624 1400 praecipiendo
639 1314 705 1378 non
719 1314 861 1400 patiatur
875 1335 939 1379 uno
962 1323 1073 1393 tenore
1095 1339 1174 1403 opus
1197 1319 1386 1383 inarescere.
1424 1322 1534 1384 ctiam-

393 1438 455 1501 que
478 1415 643 1479 cavendae
666 1423 741 1480 sunt
763 1415 798 1477 in
820 1418 956 1480 cameris
978 1418 1159 1502 priscorum
1181 1418 1423 1504 dispositioncs,
1448 1423 1534 1508 quod

393 1537 503 1581 earum
530 1516 687 1602 planitiae
716 1537 907 1581 coronarum
934 1520 1029 1601 gravi
1051 1519 1194 1605 pondere
1221 1521 1435 1606 inpendentes
1458 1532 1534 1586 sunt

357 1616 605 1704 spericulosae.
656 1638 846 1682 coronarum
873 1629 982 1683 autem
1010 1630 1086 1684 sunt
1111 1620 1195 1684 aliae
1223 1644 1323 1707 purae
1350 1621 1434 1686 aliae
1463 1645 1533 1686 cac·

391 1718 487 1784 latae.
532 1717 740 1783 conclavibus
767 1727 877 1783 autem
905 1719 963 1784 ubi
991 1722 1077 1806 ignis
1105 1731 1161 1785 aut
1189 1718 1283 1809 plura
1313 1722 1436 1788 lumina
1458 1733 1534 1788 sunt
1553 1741 1584 1789 10

390 1820 558 1907 ponenda,
581 1843 681 1907 purae
703 1821 774 1885 fieri
797 1810 933 1905 debent,
956 1831 993 1885 ut
1016 1845 1052 1887 eo
1074 1822 1202 1886 facilius
1226 1833 1466 1909 extergeantur.
1500 1826 1535 1888 in

390 1923 527 1988 aestivis
540 1950 542 1955 ·
556 1932 588 1987 et
608 1922 755 2005 exedris,
784 1922 841 1987 ubi
863 1923 998 1987 minime
1019 1924 1127 1988 fumus
1151 1934 1281 1989 estnec
1303 1924 1405 2010 fuligo
1428 1934 1534 2013 potest

390 2045 523 2105 nocere,
557 2023 605 2087 ibi
637 2022 780 2088 caelatae
812 2035 888 2088 sunt
910 2024 1089 2090 faciendae.
1124 2048 1271 2113 ⁴semper
1304 2028 1390 2089 enim
1422 2026 1532 2092 album

390 2148 471 2213 opus
498 2135 631 2212 propter
657 2125 842 2212 superbiam
870 2126 1020 2191 candoris
1042 2149 1107 2192 nou
1128 2126 1224 2195 modo
1247 2150 1289 2191 cx
1310 2130 1450 2213 propriis
1474 2129 1532 2193 sed
1568 2172 1573 2178 -

390 2228 489 2292 etiam
510 2226 625 2292 alienis
647 2227 805 2292 aedificiis
828 2227 970 2312 concipit
991 2226 1126 2292 fumum,
1550 2245 1581 2292 15

355 2339 371 2388 5
475 2327 611 2393 Coronis
624 2327 796 2415 explicatis
818 2330 960 2415 parietes
983 2351 1079 2414 quam
1101 2330 1277 2415 asperrime
1299 2326 1529 2412 trullissentur,

389 2438 503 2517 postea
524 2437 632 2493 autem
655 2450 768 2516 supra,
792 2428 1025 2493 trullissatione
1048 2429 1285 2512 subarescente,
1309 2427 1531 2493 deformentur

384 2530 586 2595 'directiones
613 2529 780 2612 harenati,
807 2532 855 2593 uti
883 2529 1103 2615 longitudines
1131 2529 1184 2593 ad
1203 2528 1350 2614 regulam
1372 2538 1404 2591 et
1425 2530 1468 2592 ad
1490 2530 1528 2593 li-

388 2654 499 2714 neam,
527 2629 718 2715 altitudines
740 2631 782 2694 ad
804 2630 1087 2719 perpendiculum,
1116 2630 1228 2715 anguli
1249 2631 1292 2693 ad
1313 2650 1458 2693 normam
1480 2654 1528 2693 re-

388 2733 586 2822 spondentes
610 2734 793 2818 exigantur.
841 2755 981 2820 namque
1003 2734 1051 2797 sic
1073 2732 1243 2796 emendata
1264 2732 1472 2796 tectoriorum
1494 2734 1528 2795 in
1546 2747 1579 2796 20

341 2909 349 2933 x
387 2836 524 2923 picturis
547 2834 609 2898 erit
630 2835 768 2921 speeies.
811 2835 1055 2918 subarescente,
1083 2835 1206 2899 iterum·
1224 2844 1256 2898 et
1277 2837 1373 2898 tertio
1395 2833 1528 2898 induca-

387 2947 451 3002 tur.
488 2937 535 3000 ita
548 2957 629 3021 cum,
637 2936 805 3000 fundatior
827 2938 888 3005 erit
910 2957 953 3000 ex
973 2935 1127 3001 harenato
1150 2936 1323 3017 directura,
1347 2957 1385 3000 eo
1407 2937 1530 3000 firmior

353 3049 369 3097 6
388 3039 451 3102 erit
464 3036 507 3101 ad
529 3045 725 3102 vetustatem
747 3037 893 3102 soliditas
917 3037 1055 3101 tectorii.
1090 3057 1172 3100 ‘cum
1193 3036 1235 3101 ab
1258 3037 1379 3100 harena
1401 3047 1529 3123 praeter

387 3137 655 3204 trullissationem
687 3161 754 3202 non
781 3140 887 3202 minus
915 3138 1021 3202 tribus
1050 3139 1146 3202 coriis
1173 3137 1271 3202 fuerit
1300 3137 1526 3221 deformatum,

377 3249 503 3320 tunc‘e
523 3260 681 3305 marmore
694 3240 813 3326 grandi
835 3239 1029 3304 directiones
1052 3247 1127 3304 sunt
1148 3238 1360 3323 subigendae,
1382 3238 1461 3302 dum
1482 3241 1529 3303 ita
1545 3253 1578 3302 25

450 3499 556 3562 2qnas
573 3512 633 3561 epo:
661 3511 742 3560 quam
760 3494 824 3561 (qua
839 3494 843 3559 Ι
860 3495 892 3559 G)
914 3495 972 3548 GH.
1001 3492 1013 3560 Η
1040 3493 1155 3544 subtiles
1174 3494 1209 3546 G:
1237 3494 1347 3544 subtilis
1365 3497 1396 3544 H
1412 3493 1491 3559 (Llc).
1513 3496 1525 3562 (l

385 3581 538 3632 videbitur:
566 3583 603 3630 sic
627 3580 685 3629 GH.
713 3576 724 3645 (l
742 3583 768 3630 <3
790 3579 959 3644 grandesunt
976 3583 1007 3629 lc.
1036 3575 1048 3645 Η
1074 3581 1241 3642 4possunse
1258 3579 1296 3628 H.
1317 3575 1331 3644 ΙΙ
1359 3579 1460 3645 inhisq3
1484 3581 1526 3629 H:

385 3666 420 3715 In
437 3660 550 3728 hislquo
570 3665 591 3714 (ι’
613 3661 638 3728 (1
654 3681 670 3730 e
686 3680 767 3728 supra
790 3664 824 3713 6⁶
844 3666 861 3712 ι’.
876 3679 898 3714 e.
917 3663 963 3714 vel
982 3679 1042 3728 que,
1060 3670 1087 3712 ut
1104 3664 1139 3711 Ll
1156 3661 1301 3727 inhisque).
1327 3658 1339 3727 ΙΙ
1364 3666 1432 3713 5ex
1451 3668 1527 3713 creto

386 3745 480 3813 (Joc.):
506 3752 622 3812 excepto
646 3747 705 3797 (111.
732 3743 746 3812 (l
773 3750 870 3797 9sunt
887 3746 961 3798 aliae
979 3763 1064 3813 purae
1083 3762 1135 3795 rec.
1154 3742 1202 3806 (sic
1223 3761 1303 3808 supra
1324 3761 1375 3794 scr.
1394 3747 1430 3801 (1⁶,
1453 3749 1526 3795 irrata

384 3848 440 3881 eum
450 3833 520 3895 falsu
530 3834 637 3883 Ισσίἰσησ
646 3833 722 3895 ponit
733 3827 773 3881 cd.
787 3831 857 3881 Flor.
871 3835 934 3880 sunt
946 3830 1051 3895 figurae
1065 3830 1139 3878 aliae
1153 3827 1263 3892 purae):
1280 3834 1344 3878 sunt
1356 3828 1460 3893 figurae
1475 3830 1527 3877 GH

385 3914 485 3981 (Llclsl.
496 3912 509 3981 ss
521 3918 553 3966 10
563 3920 665 3967 autemt
676 3917 713 3966 sic
724 3916 783 3968 GH.
794 3912 806 3982 (l
820 3917 849 3964 11
860 3930 945 3979 purae
955 3915 1025 3963 doc:
1035 3929 1103 3978 pura
1114 3913 1172 3962 GH.
1185 3908 1198 3977 ΙΙ
1210 3927 1241 3961 σο
1251 3912 1381 3961 Bondam:
1394 3928 1427 3961 ea
1439 3913 1496 3963 GH.
1509 3909 1522 3976 ΙΙ

387 4001 419 4048 12
438 3998 565 4050 exhedris
585 4000 636 4050 GH
654 3999 733 4062 (Llc).
749 3995 762 4066 (l
778 4002 809 4050 15
823 4000 907 4050 etiam
921 3997 1034 4048 alienis:
1052 3998 1090 4047 sie
1110 3997 1167 4046 GH.
1183 3991 1196 4061 ΙΙ
1211 3997 1243 4044 16
1261 3998 1312 4059 qua
1332 3992 1424 4058 G(L):
1444 4011 1524 4058 quem

384 4084 418 4133 H
433 4079 487 4147 (lc).
511 4079 524 4148 ΙΙ
546 4085 577 4141 17
596 4083 799 4153 trullissatione
823 4083 1021 4146 subarescente
1044 4082 1113 4132 doc:
1140 4078 1367 4128 trullissationem
1392 4074 1471 4138 (—ne
1490 4078 1522 4142 G)

384 4167 582 4218 subarescente
602 4168 660 4218 GH.
676 4164 689 4233 l(
706 4169 737 4219 18
756 4167 928 4217 detectiones
949 4167 1002 4216 GH
1012 4163 1188 4230 (directiones
1200 4161 1269 4225 Lle).
1285 4157 1298 4226 (l
1313 4162 1366 4210 uti:
1384 4162 1422 4209 sie
1436 4161 1493 4210 GH.
1508 4160 1520 4225 (l

385 4254 413 4301 et
431 4250 468 4301 ad
484 4250 598 4301 lineam:
616 4253 653 4301 cic
673 4252 726 4302 GH
742 4249 783 4316 (L,
804 4254 832 4300 et
849 4249 953 4299 lineam
970 4249 1013 4313 Ic).
1036 4245 1048 4314 ΙΙ
1072 4251 1103 4298 19
1122 4246 1222 4296 adorna
1242 4245 1270 4295 G.
1299 4239 1311 4309 [l
1338 4247 1371 4294 20
1392 4246 1521 4295 tectorio-

383 4353 684 4403 tentamentorum
703 4354 761 4402 GH.
784 4348 796 4416 ΙΙ
820 4353 851 4400 21
870 4353 898 4400 et
916 4350 1010 4399 tertio:
1033 4349 1070 4396 sic
1089 4348 1148 4398 GH.
1173 4343 1185 4413 l(
1208 4349 1240 4396 22
1259 4331 1462 4397 cdmfundatior
1485 4347 1519 4421 H,

383 4450 446 4486 cum
468 4435 606 4486 fundatior
630 4437 651 4488 G
674 4434 752 4500 (Llc).
775 4431 787 4500 ΙΙ
810 4434 944 4483 harenato
963 4432 997 4481 G:
1021 4435 1084 4481 -ta
1106 4432 1138 4479 H
1157 4431 1219 4494 (Le,
1243 4434 1360 4480 arenata
1377 4427 1406 4490 l).
1433 4425 1446 4494 [Ι
1475 4429 1520 4478 de-

381 4527 496 4571 rectura
514 4520 565 4569 GH
582 4519 623 4584 (L,
642 4519 779 4572 directure
796 4517 840 4581 le).
859 4513 871 4582 (l
892 4519 925 4593 21
942 4514 1041 4581 grandi
1053 4517 1108 4568 ed:
1131 4515 1246 4581 grandio
1261 4514 1314 4564 GH
1329 4511 1437 4578 (granio
1450 4515 1520 4577 epit,
1586 4552 1588 4560 .

381 4605 417 4666 of.
438 4604 504 4654 Pau.
524 4607 547 4666 1,
568 4602 619 4668 15).
642 4601 654 4670 (l
676 4604 850 4670 derectiones
874 4602 925 4651 GH
941 4598 1117 4663 (directiones
1135 4599 1204 4664 hle).
1239 4599 1287 4649 aed
1302 4614 1329 4662 p.
1348 4613 1401 4662 aeq.
1421 4601 1438 4648 3
1456 4597 1520 4646 diri·

382 4691 467 4752 gatur
485 4688 537 4738 GH
553 4687 630 4752 (Llc).
1126 4725 1128 4728 .
