3784 5625
382 625 423 691 74
870 642 1027 689 vmauvrr

379 819 454 884 pars
487 794 698 859 crassitudini
732 795 847 877 fucrit,
881 805 1014 882 propter
1046 795 1253 892 crebritatem
1287 804 1320 859 et
1352 797 1541 880 angustias

379 895 697 964 intercolumniorum
729 896 888 961 tumidam
922 908 954 962 et
985 900 1193 961 invenustam
1221 896 1342 960 efficiet
1370 899 1539 983 speciem.

378 1000 487 1084 itaque
514 1001 642 1084 generis
670 999 777 1085 operis
806 1007 933 1085 oportet
962 1001 1113 1086 persequi
1142 999 1359 1085 symmetrias.
1414 1000 1537 1064 etiam-

379 1123 442 1188 que
473 1100 644 1186 angulares
678 1100 846 1166 eolumnae
879 1102 1052 1166 crassiores
1083 1100 1254 1165 faciendae
1283 1110 1360 1165 sunt
1396 1122 1441 1164 ex
1472 1125 1538 1166 sua

344 1217 360 1264 5
379 1203 536 1269 diametro
566 1203 835 1290 quinquagesima
862 1212 955 1289 parte
961 1252 971 1286 ‚
1000 1202 1087 1289 quod
1115 1224 1172 1266 eae
1193 1202 1236 1266 ab
1258 1223 1333 1265 aere
1355 1202 1535 1266 circumci-

379 1303 500 1369 duntur
514 1315 546 1368 et
567 1301 755 1388 graciliores
779 1302 933 1367 videntur
955 1326 1025 1368 csse
1046 1304 1291 1390 aspicientibus.
1335 1301 1420 1388 ergo
1439 1305 1535 1390 quod

378 1404 489 1471 oculus
517 1404 617 1487 fallit,
646 1405 892 1470 ratiocinatione
915 1415 965 1470 est
987 1406 1245 1492 exaequandum.
1294 1415 1532 1470 contracturae
1550 1427 1579 1474 12

379 1516 487 1572 autern
520 1508 554 1570 in
587 1508 720 1569 summis
749 1506 970 1572 columnarum
996 1508 1251 1595 hypotracheliis
1280 1509 1326 1571 ita
1352 1507 1534 1572 faciendae

379 1608 534 1673 videntur
559 1609 608 1672 uti
636 1609 665 1672 si
687 1606 835 1672 columna
857 1611 900 1673 sit
921 1610 963 1675 ab
985 1611 1118 1674 minimo
1141 1609 1183 1674 ad
1205 1608 1304 1696 pedes
1327 1609 1445 1694 quinos
1473 1609 1532 1673 de-

330 1725 455 1793 mnes,
483 1713 548 1774 ima
576 1709 759 1774 crassitudo
787 1710 957 1776 dividatur
982 1713 1017 1775 in
1044 1721 1153 1799 partes
1182 1733 1241 1774 sex
1263 1721 1295 1775 et
1317 1732 1430 1774 earum
1451 1733 1532 1797 par·

379 1815 462 1878 tium
484 1813 626 1899 quinque
648 1835 773 1876 summa
795 1815 1022 1878 constituatur.
1072 1816 1152 1878 item
1174 1834 1256 1899 quae
1277 1814 1340 1876 erit
1361 1811 1405 1875 ab
1429 1814 1530 1898 quin-

379 1915 486 1978 decim
512 1913 651 2000 pedibus
678 1914 721 1978 ad
742 1913 842 2001 pedes
865 1916 1001 2000 viginti,
1031 1937 1146 2001 scapus
1169 1917 1254 1978 imus
1276 1915 1311 1976 in
1332 1922 1442 2000 partes
1467 1936 1531 1978 sex

379 2025 411 2082 et
433 2016 600 2079 semissem
620 2016 788 2080 dividatur
809 2038 984 2103 earumque
1004 2019 1147 2104 partium
1169 2005 1312 2104 quinque
1334 2023 1367 2080 et
1388 2017 1531 2080 semisse

379 2118 526 2204 superior
548 2118 728 2184 crassitudo
751 2117 918 2183 columnae
939 2119 1007 2182 fiat.
1051 2120 1130 2182 item
1153 2139 1235 2203 quae
1257 2117 1320 2181 erit
1340 2139 1361 2180 a
1381 2117 1531 2205 pedibus

330 2231 361 2280 15
379 2221 499 2304 viginti
526 2219 569 2283 ad
595 2220 694 2305 pedes
717 2221 867 2305 triginta,
897 2243 1013 2307 scapus
1041 2221 1125 2284 imus
1154 2217 1323 2283 dividatur
1350 2218 1385 2281 in
1413 2229 1528 2306 partes

378 2331 502 2409 septem
531 2343 705 2409 earumque
732 2344 791 2386 sex
819 2345 944 2387 summa
966 2331 1172 2387 contractura
1199 2320 1395 2407 perficiatur.
1441 2343 1530 2407 quae

378 2434 486 2517 autem
507 2424 549 2488 ab
572 2425 869 2511 trigintapedibus
891 2423 934 2488 ad
957 2422 1175 2510 quadraginta
1195 2421 1262 2486 alta
1284 2423 1360 2504 erit,
1383 2423 1451 2486 ima
1476 2422 1528 2487 di-

378 2526 511 2591 vidatur
537 2528 572 2589 in
593 2535 701 2612 partes
729 2536 855 2612 septem
882 2536 915 2591 et
936 2525 1123 2609 dimidiam,
1153 2545 1195 2588 ex
1216 2525 1268 2589 his
1290 2546 1350 2588 sex
1371 2533 1405 2588 et
1427 2523 1528 2589 dimi-

379 2628 467 2692 diam
489 2630 524 2692 in
546 2650 670 2692 summo
692 2627 812 2692 habeat
833 2629 1058 2692 contracturae
1079 2628 1215 2691 ratione.
1260 2647 1343 2712 quae
1364 2634 1460 2689 enmt
1483 2626 1528 2691 ab

328 2740 361 2789 20
380 2729 596 2817 quadraginta
618 2728 757 2816 pedibus
779 2729 821 2792 ad
842 2731 1093 2816 quinquaginta,
1122 2731 1201 2793 item
1223 2724 1423 2792 dividendae
1446 2734 1529 2793 sunt

378 2834 414 2897 in
436 2841 508 2897 octo
536 2840 643 2918 partes
672 2840 704 2895 et
732 2839 852 2894 earum
869 2840 995 2918 septem
1023 2833 1059 2895 in
1081 2854 1206 2896 summo
1229 2852 1326 2916 scapo
1348 2828 1411 2893 sub
1435 2831 1527 2917 capi-

377 2932 447 2999 tulo
474 2932 714 2997 contrahantur.
764 2934 842 2997 item
869 2935 1002 3019 siquae
1030 2933 1161 2997 altiores
1189 2941 1299 3014 erunt,
1328 2930 1444 2994 eadem
1472 2954 1526 2996 ra·

448 3174 661 3225 lerassitudini
685 3174 706 3225 (1¹
730 3173 787 3237 (sed
802 3173 913 3239 eupral
934 3176 958 3225 is
978 3174 1037 3240 G⁶):
1064 3173 1171 3223 —dinis
1195 3174 1223 3222 H
1246 3171 1363 3236 (echte).
1390 3167 1403 3238 Ι(
1431 3173 1448 3222 4
1471 3188 1527 3223 sua

378 3260 447 3312 Joc..·
467 3275 515 3310 suo
536 3260 593 3311 GH.
617 3255 628 3325 (Ι
651 3260 666 3309 ὅ
686 3274 735 3309 eae
754 3260 784 3309 H
801 3256 871 3323 (ch
890 3261 942 3311 hae
963 3261 985 3310 G
1003 3258 1102 3324 (sedin
1120 3274 1199 3323 marp.
1223 3258 1258 3308 6⁶
1274 3258 1287 3305 i
1305 3256 1335 3306 al
1353 3272 1397 3323 eq,
1416 3257 1460 3307 hee
1482 3260 1526 3318 LI,

378 3345 412 3411 hq
425 3343 476 3409 elz).
492 3340 504 3410 Ι(
521 3347 534 3395 7
549 3344 645 3394 oculus
665 3344 716 3394 GH
734 3341 801 3407 (le,
822 3345 909 3397 oculis
927 3346 958 3395 cll
970 3352 996 3395 et
1012 3352 1071 3395 uate
1081 3360 1150 3395 corr.
1163 3343 1267 3394 occulis
1284 3343 1318 3406 t):
1338 3342 1433 3393 oculos
1445 3345 1489 3393 ed.
1511 3341 1524 3407 Ι(

379 3427 542 3493 exequandri
557 3429 591 3478 G:
611 3428 816 3492 exaequandum
829 3438 888 3480 ante
901 3446 969 3480 corr.
984 3430 1012 3477 H
1024 3428 1223 3493 (exequendum
1238 3429 1347 3485 H⁶L0lc,
1367 3442 1526 3492 exsequen-

379 3513 441 3563 dum
459 3518 518 3563 ante
536 3528 605 3566 corr.
617 3510 660 3576 L).
685 3509 697 3578 ((
719 3513 979 3578 8hypotrachellis:
998 3514 1069 3563 —lis
1083 3513 1142 3567 GH,
1165 3509 1178 3578 Ι(
1201 3515 1217 3563 9
1236 3513 1271 3563 ab
1291 3513 1342 3563 GH
1361 3510 1401 3575 (le,
1416 3528 1433 3561 a
1445 3511 1494 3576 L).
1511 3510 1525 3578 ί(

380 3600 410 3647 11
430 3598 530 3661 Itemq3
551 3581 660 3661 GH*(!c‚
680 3596 750 3647 ltem
768 3598 831 3663 quia
849 3596 895 3664 L).
919 3594 930 3664 (Ι
955 3601 986 3647 12
1004 3598 1105 3662 viginti
1122 3597 1151 3646 H
1162 3596 1245 3660 (Llc):
1264 3598 1316 3647 XX
1330 3594 1363 3647 6(
1382 3591 1395 3661 Ι(
1419 3610 1525 3662 scapus

380 3680 506 3748 G(Llle):
527 3695 612 3746 capus
631 3682 659 3730 H
677 3679 721 3745 (c).
745 3678 758 3748 ΙΙ
780 3683 809 3731 in
831 3687 925 3747 partes
943 3698 993 3732 sex
1016 3686 1044 3731 et
1061 3682 1204 3732 semissem
1227 3679 1367 3731 dividatur
1388 3680 1461 3731 Joc:
1494 3681 1525 3731 in

378 3770 472 3831 partes
491 3770 596 3832 septem
619 3768 743 3832 superior
765 3766 918 3817 crassitudo
937 3766 1083 3816 columnae
1101 3780 1149 3816 sex
1173 3770 1202 3816 et
1219 3765 1368 3830 semissem¹
1381 3764 1525 3816 dividatur

380 3850 431 3901 GH
447 3850 491 3914 (L,
505 3852 541 3901 od
556 3852 687 3916 sequentia
705 3853 758 3902 scil.
777 3858 887 3916 propter
898 3852 1029 3902 verboram
1040 3852 1225 3901 similitudinem
1236 3852 1372 3915 archetypi
1381 3851 1524 3915 scriptoris

377 3938 450 3986 oculo
462 3937 598 4001 dupliciter
615 3938 735 4000 delapso:
755 3942 831 4002 atque
844 3952 879 3986 eae
891 3936 938 3986 lroc
951 3937 1049 4001 quidem
1060 3951 1151 3985 errore
1163 3936 1273 3985 academ
1284 3935 1352 3985 modi
1363 3949 1441 3985 error
1453 3938 1524 3987 alter

379 4026 452 4070 natus
470 4028 509 4071 ert
526 4023 552 4070 ia
569 4021 709 4085 archetypo
727 4022 839 4071 codicum
857 4022 880 4068 lc
907 4018 959 4082 (u),
983 4020 1026 4084 qai
1043 4036 1107 4084 quae
1129 4023 1254 4069 intersunt
1271 4021 1339 4069 inter
1355 4018 1434 4069 uerba
1451 4020 1524 4082 salso

377 4106 488 4169 repetita
506 4106 630 4170 superior
648 4104 801 4155 crassitudo
820 4103 973 4165 columnae,
993 4119 1024 4153 ea
1042 4106 1168 4166 omittant,
1187 4105 1225 4153 sic
1242 4105 1389 4154 tradentes:
1406 4102 1438 4152 in
1457 4119 1525 4168 par-

221 4229 223 4237 .
288 4179 292 4184 ⁴
378 4193 421 4239 tes
447 4192 553 4255 septem
580 4192 705 4256 superior
733 4187 888 4238 crassitudo
912 4186 1055 4238 columnae
1084 4188 1132 4239 fiat
1158 4190 1279 4253 itemque
1303 4193 1383 4238 erunt
1411 4185 1486 4250 eta).
1509 4187 1522 4254 ((

379 4275 410 4323 14
428 4275 493 4323 item
513 4290 582 4339 quae
596 4276 650 4325 erit
661 4274 742 4323 Laet:
760 4274 855 4336 itemq3
875 4275 955 4321 erunt
969 4272 1027 4323 GH.
1050 4268 1062 4339 (Ι
1086 4275 1118 4324 15
1130 4274 1182 4323 XX
1266 4274 1344 4324 XXX
1358 4273 1389 4322 6.
1412 4266 1425 4337 (Ι
1450 4273 1525 4325 imus

380 4358 413 4409 0:
432 4359 456 4408 is
474 4359 503 4408 H
522 4358 602 4424 (Llc).
625 4355 782 4430 ((16(-18)
803 4372 991 4421 earumque—
1004 4361 1110 4424 septem
1127 4358 1158 4406 H
1174 4355 1270 4421 (6⁶L):
1294 4373 1341 4409 om.
1362 4356 1384 4407 G
1407 4353 1469 4418 (sed
1488 4358 1526 4407 G⁶

377 4448 459 4508 suppl.
477 4446 503 4493 ia
525 4459 604 4507 merp.
626 4454 687 4505 paq.
710 4439 814 4504 insen),
838 4443 925 4491 eadem
946 4442 1024 4491 verba
1046 4440 1105 4504 (sed
1119 4443 1228 4505 proprio
1247 4439 1349 4503 errore)
1374 4456 1422 4491 om.
1440 4442 1466 4491 lc
1485 4442 1523 4505 (d,

377 4528 434 4577 item
450 4526 490 4590 f).
514 4522 525 4593 (Ι
550 4528 581 4576 17
600 4524 635 4575 ab
648 4525 724 4574 XXX
812 4526 906 4576 adXL
921 4525 965 4576 00,
987 4522 1001 4591 fl
1024 4525 1176 4575 18V1160.
1201 4522 1213 4591 Ι]
1235 4524 1444 4575 dimidiam.ex
1462 4526 1525 4579 his:

376 4612 415 4662 sic
442 4612 493 4661 GH
522 4608 562 4673 (et
588 4610 649 4661 add.
676 4610 746 4661 Mer.
773 4627 827 4661 eum
852 4609 932 4673 Pet).
960 4606 973 4675 (Ι
1001 4611 1033 4659 19
1059 4609 1089 4657 in
1112 4611 1188 4659 sirmi
1211 4611 1242 4660 L.
1271 4607 1284 4677 (Ι
1311 4609 1420 4661 ratione
1443 4610 1526 4677 {doaz

379 4696 445 4745 -ne
464 4694 494 4757 6,
512 4708 609 4743 —nem
628 4694 655 4742 H
673 4690 716 4757 (L,
734 4698 801 4745 —ne
818 4691 862 4760 lc).
884 4690 897 4760 (Ι
919 4693 954 4743 ab
971 4693 1020 4743 XL
1040 4691 1069 4742 6.
