3784 5625
382 638 442 703 138
869 651 1028 700 vrrnuvn

380 810 446 872 tius
475 808 563 872 orbis
590 815 750 872 terrarum
777 808 993 893 regionesque
1022 807 1129 871 medio
1157 806 1272 870 mundi
1297 807 1438 895 populus
1460 809 1524 873 Ro·

380 932 493 973 manus
516 910 662 996 possidet
684 909 775 973 fines.
812 930 952 995 namque
974 910 1266 995 temperatissimae
1287 909 1331 972 ad
1352 920 1525 997 utramque
1544 908 1576 972 11'

379 1021 505 1099 partem
532 1021 564 1075 et
597 1033 768 1098 corporum
799 1011 955 1075 membris
987 1013 1234 1096 animorumque
1266 1010 1439 1096 vigoribus
1466 1036 1525 1099 pro

379 1113 571 1178 fortitudine
594 1123 669 1177 sunt
690 1115 725 1177 in
746 1113 844 1177 Italia
865 1123 992 1197 gentes.
1036 1112 1309 1199 quemadmodum
1332 1115 1420 1177 enirn
1435 1114 1524 1178 Iovis

345 1214 474 1281 astella
500 1217 586 1279 inter
607 1215 1028 1280 Martisferventissimam
1056 1224 1088 1278 et
1116 1214 1249 1279 Saturni
1275 1214 1525 1299 frigidissimam

378 1317 488 1380 media
510 1337 641 1381 currens
664 1327 874 1404 temperatur,
899 1316 1011 1379 eadem
1027 1316 1152 1380 ratione
1167 1314 1266 1380 Italia
1286 1317 1374 1379 inter
1395 1327 1523 1404 septen·

378 1418 550 1483 trionalem
572 1418 851 1505 meridianamque
873 1418 916 1483 ab
937 1428 1075 1505 utraque
1097 1428 1190 1505 parte
1210 1416 1427 1483 mixtionibus
1444 1422 1523 1482 tem-

379 1529 509 1607 peratas
539 1530 571 1584 et
598 1522 740 1585 invictas
768 1520 867 1585 habet
894 1519 1018 1583 laudes.
1062 1520 1172 1605 itaque
1199 1517 1344 1583 consiliis
1371 1520 1524 1606 refringit

379 1621 592 1686 barbarorum
613 1622 769 1705 virtutes,
796 1622 876 1687 forti
904 1644 1002 1685 manu
1023 1621 1276 1686 meridianorum
1298 1623 1522 1706 cogitationes.

331 1742 361 1789 10
379 1726 425 1788 ita
448 1724 561 1788 divina
582 1746 673 1788 mens
696 1726 864 1788 civitatem
885 1723 999 1811 populi
1012 1723 1152 1787 Romani
1174 1724 1307 1808 egregia
1327 1732 1521 1810 temperata·

380 1848 443 1912 que
464 1827 598 1909 regione
620 1824 814 1907 conlocavit,
836 1827 886 1889 uti
908 1825 997 1888 orbis
1019 1833 1180 1889 terrarum
1200 1824 1330 1910 imperii
1353 1827 1521 1911 potiretur.

381 1927 498 2014 quodsi
519 1929 566 1991 ita
588 1936 637 1992 est
658 1930 707 1992 uti
729 1926 906 1991 dissimiles
929 1928 1079 2011 regiones
1101 1926 1143 1990 ab
1159 1924 1427 1991 inclinationibus
1443 1927 1523 1991 caeli
1541 1943 1570 1990 12

380 2030 482 2092 variis
504 2029 681 2113 generibus
704 2030 770 2093 sint
792 2038 1013 2116 comparatae,
1041 2037 1077 2091 ut
1099 2028 1197 2092 etiam
1218 2037 1355 2091 naturae
1376 2030 1524 2113 gentium

380 2130 567 2218 disparibus
601 2133 719 2195 animis
753 2140 785 2195 et
817 2152 989 2217 corporum
1021 2130 1135 2215 figuris
1163 2126 1442 2216 qualitatibusque
1468 2153 1523 2194 na·

330 2249 361 2298 15
380 2241 561 2314 merentur,
594 2255 660 2297 non
688 2232 874 2296 dubitemus
906 2233 1128 2297 aedificiorum
1155 2252 1284 2318 quoque
1309 2233 1454 2297 rationes
1481 2233 1523 2295 ad

378 2336 526 2399 nationes
561 2336 778 2420 gentiumque
819 2336 1034 2421 proprietates
1078 2341 1154 2420 apte
1192 2331 1409 2418 distribuere,
1452 2356 1524 2398 cum

379 2435 555 2522 habeamus
587 2435 630 2500 ab
663 2439 736 2524 ipsa
768 2458 877 2499 rerum
914 2445 1032 2500 natura
1069 2433 1234 2500 sollertem
1267 2444 1300 2499 et
1334 2435 1522 2521 expeditam

380 2540 654 2603 monstrationem.

465 2641 583 2722 Quoad
605 2641 697 2726 potui
719 2663 843 2704 summa
864 2641 991 2704 ratione
1012 2640 1228 2726 proprietates
1251 2638 1397 2704 locorum
1411 2640 1454 2705 ab
1468 2662 1523 2704 na·

330 2759 363 2806 ‘ro
380 2750 453 2805 tura
474 2764 583 2805 rerum
610 2742 785 2828 dispositas
812 2741 1073 2805 animadvertere
1101 2742 1238 2829 exposui
1260 2751 1293 2806 et
1315 2741 1523 2828 quemadmo-

381 2843 458 2907 dum
480 2844 524 2907 ad
545 2843 623 2908 solis
646 2866 776 2907 cursum
799 2855 831 2909 et
852 2844 1079 2909 inclinationes
1102 2843 1184 2907 caeli
1211 2854 1360 2930 oporteat
1381 2844 1424 2908 ad
1446 2865 1523 2929 gen-

380 2946 463 3010 tium
484 2946 604 3030 figuras
628 2946 825 3009 constituere
846 2946 1070 3012 aedificiorum
1092 2946 1265 3032 qualitates
1288 2945 1372 3009 dixi.
1415 2946 1524 3032 itaque

380 3069 467 3110 nunc
485 3047 687 3132 singulorum
706 3068 862 3133 generum
877 3049 913 3110 in
927 3048 1085 3112 aedificiis
1101 3069 1302 3112 commensus
1319 3048 1522 3135 symmetria·

380 3171 453 3211 rum
475 3159 508 3212 et
529 3150 700 3214 universos
724 3158 757 3213 et
778 3160 945 3236 separatos
968 3150 1113 3214 breviter
1136 3148 1319 3236 explicabo.

339 3266 367 3314 11
469 3251 568 3316 Nulla
589 3252 767 3318 architecto
789 3254 893 3316 maior
915 3274 992 3315 cura
1014 3272 1085 3315 esse
1112 3250 1210 3315 debet
1230 3253 1297 3315 nisi
1318 3253 1369 3315 uti
1390 3272 1552 3340 proponi

331 3369 364 3416 ao
381 3352 525 3417 tionibus
547 3363 638 3418 ratae
659 3357 762 3440 partis
792 3352 934 3418 habeant
960 3352 1109 3416 aedificia
1134 3354 1297 3417 rationum
1324 3355 1523 3419 exactiones.

382 3474 455 3515 cum
478 3475 555 3538 ergo
578 3455 754 3520 constituta
776 3456 1038 3542 symmetriarum
1058 3455 1141 3518 ratio
1155 3454 1258 3519 fuerit
1274 3464 1306 3518 et
1322 3477 1523 3520 commensus

382 3653 609 3662 -——-.

451 3779 464 3825 1
483 3779 664 3845 regionesque
682 3797 741 3845 epo:
763 3781 939 3846 regionisque
959 3779 1045 3831 EGH.
1067 3776 1079 3846 ll
1104 3782 1119 3829 6
1137 3780 1231 3831 italia:
1255 3782 1297 3829 ita
1317 3781 1376 3831 alia
1393 3788 1455 3831 ante
1472 3797 1524 3832 ras.

382 3862 413 3912 H
429 3863 528 3925 (solus).
546 3859 560 3930 ΙΙ
582 3867 597 3914 't
616 3869 731 3930 utraque
750 3865 810 3914 EG:
829 3852 947 3930 utroque
966 3865 998 3912 H
1009 3863 1088 3927 (Llc).
1112 3862 1124 3929 ΙΙ
1146 3867 1163 3914 8
1181 3865 1306 3915 consiliis
1323 3866 1470 3930 refringit:
1488 3867 1525 3915 sic

382 3947 461 3997 EGH
487 3948 546 4011 (sed
568 3949 603 3999 G0
624 3951 715 4000 delevit
738 3952 807 4016 qaod
827 3965 888 4000 moa:
913 3951 1047 4014 repetitum
1068 3949 1131 3998 vidit
1156 3949 1257 4000 verdum
1278 3950 1418 4009 consiliis,
1446 3952 1525 4001 inter·

381 4035 517 4096 punctione
533 4036 606 4084 amul
619 4041 681 4100 post
692 4050 776 4084 manu
793 4032 904 4098 addita).
920 4031 932 4100 ΙΙ
948 4037 964 4084 9
983 4048 1065 4082 manu
1076 4033 1146 4082 doaz
1165 4048 1248 4083 manu
1266 4035 1394 4084 consiliis
1413 4035 1498 4086 EGH.
1512 4032 1524 4102 ἔΙ

384 4119 415 4167 10
432 4117 528 4182 populi
540 4120 647 4170 romani
662 4119 693 4168 Η
697 4134 704 4167 :
723 4118 828 4170 romani
840 4117 935 4184 populi
948 4118 1004 4168 EG.
1019 4113 1032 4184 ll
1050 4119 1164 4183 egregia
1182 4123 1392 4183 temperataque
1412 4122 1526 4186 regione
1565 4148 1572 4154 ·

381 4201 450 4251 loa:
470 4205 581 4267 egregia
599 4202 690 4267 (-am
708 4204 744 4268 E)
762 4207 999 4267 temperatamque
1023 4200 1150 4266 (—-tique
1168 4202 1204 4268 E)
1228 4203 1341 4266 regione
1359 4202 1470 4266 (-nem
1489 4205 1526 4269 E)

383 4285 443 4346 EG,
467 4288 608 4352 egregiam
625 4292 857 4352 temperatamque
879 4289 1019 4350 regionem
1042 4287 1070 4335 H
1092 4284 1130 4350 (c,
1150 4303 1228 4337 -am
1245 4290 1350 4351 -5quo
1369 4293 1419 4339 -c
1437 4290 1492 4352 Le).
1513 4286 1525 4353 Η

384 4371 414 4417 11
432 4370 541 4436 imperii
558 4373 588 4421 H
605 4373 689 4436 (Llc):
708 4373 823 4436 imperio
844 4372 890 4422 GE
909 4369 1035 4436 (imlperi
1052 4372 1220 4435 oportiretur
1236 4379 1297 4422 ante
1313 4387 1385 4421 corr.
1405 4374 1448 4436 G).
1464 4370 1477 4439 ΙΙ
1496 4376 1528 4424 13

383 4453 604 4520 con(m)paratae
621 4460 719 4506 utz'sic
736 4457 825 4507 EGH.
848 4452 860 4522 ΙΙ
883 4459 915 4506 15
933 4456 1089 4506 dubitemur
1105 4464 1165 4505 ante
1182 4472 1251 4508 corr.
1272 4457 1293 4506 G
1312 4454 1375 4518 (non
1394 4457 1440 4520 E).
1461 4453 1475 4522 ΙΙ
1497 4461 1529 4510 16

384 4539 510 4590 nationes
528 4556 586 4604 epo:
607 4541 717 4591 natione
734 4542 763 4589 H
780 4538 833 4605 (LI,
844 4556 940 4591 —nem
952 4541 987 4603 c),
1005 4540 1146 4590 nationum
1165 4536 1248 4602 (—nr‘r
1260 4537 1298 4607 E)
1318 4541 1375 4594 EG.
1391 4537 1405 4607 ΙΙ
1422 4544 1454 4591 19
1473 4557 1530 4605 quo

385 4622 498 4686 adoptui
516 4631 575 4674 ante
593 4641 660 4675 corr.
682 4625 703 4674 6
721 4625 782 4687 (non
800 4625 845 4688 E).
868 4621 879 4692 11
898 4627 931 4675 20
950 4629 978 4674 et
996 4624 1065 4686 (ante
1084 4640 1163 4688 quem
1181 4623 1338 4688 admodum)
1356 4626 1388 4674 H
1402 4624 1530 4689 (acmen

384 4721 430 4759 om.
449 4706 507 4756 EG.
531 4705 543 4773 l]
566 4711 599 4758 24
618 4706 773 4777 explicabo]
792 4710 832 4759 lu‘c
850 4711 943 4761 desinit
959 4709 993 4762 Ε.
1016 4706 1028 4776 ΙΙ
1049 4710 1083 4759 25
1100 4708 1185 4760 Nulla
1203 4709 1232 4758 H
1250 4707 1334 4774 (Ηώς
1354 4709 1437 4761 Nullo
1456 4711 1489 4760 θ.
