3784 5625
708 679 756 726 nn
779 679 1046 729 aucurrncruaa
1071 684 1140 731 nm.
1164 686 1186 730 1.
1338 660 1342 669 '
1475 674 1517 737 23

375 832 550 897 distributa
565 833 600 895 in
620 854 739 919 parvas
763 841 872 921 partes
895 856 1001 920 neque
1022 836 1178 902 universa
1199 840 1343 930 pondere
1365 865 1515 928 premens
1602 892 1616 902 ,

338 952 354 1000 8
376 935 494 1021 poterit
520 933 587 998 ulla
612 934 939 1000 rationeextrudere
961 939 1045 1002 muri
1067 938 1336 1013 substructiones.
1381 942 1422 1007 de
1444 946 1516 1032 ipso

372 1046 481 1101 autem
496 1058 588 1099 muro
611 1057 628 1099 e
651 1057 714 1121 qua
735 1038 872 1101 materia
894 1047 1038 1103 struatur
1058 1050 1114 1105 aut
1136 1041 1333 1128 perficiatur,
1355 1044 1429 1109 ideo
1450 1058 1516 1110 non

373 1147 423 1203 est
452 1137 709 1224 praeficiendum
737 1139 824 1224 quod
851 1140 886 1204 in
913 1139 1068 1206 omnibus
1086 1142 1165 1219 locis
1188 1166 1269 1230 quas
1292 1155 1440 1231 optamus
1463 1169 1514 1213 co·

371 1243 454 1328 pias,
479 1262 533 1303 eas
549 1262 614 1304 non
628 1262 799 1326 possumus
821 1239 953 1306 habere.
997 1243 1056 1306 sed
1077 1244 1134 1309 ubi
1157 1254 1233 1310 sunt
1255 1266 1335 1310 saxa
1357 1248 1549 1333 quadratas

372 1343 444 1406 sive
471 1340 555 1406 silex
583 1363 640 1406 seu
667 1352 868 1407 caementum
889 1353 947 1409 aut
969 1353 1080 1410 coctus
1101 1344 1184 1411 later
1206 1348 1277 1411 sive
1299 1349 1435 1431 crudus,
1464 1349 1514 1414 his

372 1444 434 1508 erit
465 1444 632 1509 utendum.
691 1466 756 1508 non
783 1445 868 1507 enim
895 1446 944 1510 uti
967 1444 1138 1533 Babylone
1163 1446 1367 1514 abundantes
1390 1449 1514 1536 liquido

370 1544 530 1610 bitumine
552 1568 610 1633 pro
633 1544 721 1609 calce
750 1555 782 1609 et
803 1546 925 1610 harena
947 1568 990 1611 ex
1012 1557 1103 1613 cocto
1126 1548 1226 1614 latere
1248 1550 1371 1615 factum
1392 1550 1514 1618 habent
1618 1607 1625 1616 .

371 1670 516 1729 murum,
545 1649 592 1711 sic
620 1649 698 1711 item
725 1657 862 1734 possunt
884 1670 996 1714 omnes
1019 1651 1168 1735 regiones
1192 1672 1251 1716 seu
1272 1650 1417 1717 locorum
1438 1677 1512 1742 pro-

369 1750 525 1837 prietates
541 1749 661 1814 habere
683 1758 789 1814 tantas
813 1749 959 1814 eiusdem
981 1752 1110 1836 generis
1126 1752 1284 1817 utilitates
1312 1755 1362 1818 uti
1390 1776 1433 1818 ex
1460 1755 1565 1821 his10

370 1850 667 1938 comparationibus
689 1852 732 1915 ad
754 1852 981 1919 aeternitatem
1002 1852 1166 1941 perfectus
1189 1853 1348 1921 habeatur
1370 1858 1439 1921 sine
1463 1859 1511 1923 vi-

368 1954 414 2019 tio
437 1976 559 2017 murus.

337 2074 350 2120 1
454 2054 625 2120 Moenibus
655 2055 865 2120 circumdatis
899 2066 1054 2121 secuntur
1086 2059 1173 2122 intra
1205 2080 1335 2122 murum
1361 2081 1512 2125 arearum
1524 2081 1563 2131 vi

368 2155 547 2221 divisiones
579 2156 824 2245 platearumque
857 2167 889 2222 et
915 2159 1145 2246 angiportuum
1172 2159 1214 2222 ad
1242 2159 1323 2224 caeli
1345 2162 1511 2246 regionem

368 2258 573 2323 directiones.
618 2247 895 2345 dirigentur'haec
909 2248 1188 2342 autemfrecteysi
1204 2261 1330 2325 exclusi
1352 2272 1447 2325 erunt
1469 2284 1511 2326 ex
1531 2276 1562 2324 15

367 2361 549 2448 angiportis
578 2362 669 2425 venti
697 2361 882 2448 prudenter.
933 2364 991 2447 qui
1018 2363 1046 2426 si
1064 2361 1183 2445 frigidi
1206 2372 1282 2426 sunt
1304 2362 1452 2445 laedunt,
1482 2366 1510 2428 si

368 2461 466 2527 calidi
482 2464 617 2546 vitiant,
642 2464 670 2527 si
685 2460 790 2525 umidi
810 2471 938 2526 nocent.
982 2483 1081 2548 quare
1103 2463 1274 2526 vitandum
1295 2464 1428 2527 videtur
1449 2464 1511 2529 hoc

366 2565 484 2629 vitium
517 2574 549 2629 et
580 2563 819 2630 advertendum
845 2585 886 2626 ne
913 2562 970 2627 fiat
1000 2563 1087 2650 quod
1116 2564 1150 2627 in
1176 2563 1287 2629 multis
1318 2565 1508 2631 civitatibus

365 2688 428 2731 usu
456 2665 539 2731 solet
566 2666 689 2730 venire.
743 2664 1016 2752 quemadmodum
1037 2664 1072 2728 in
1094 2664 1200 2730 insula
1221 2665 1330 2732 Lesbo
1353 2667 1509 2754 oppidum

366 2767 525 2857 Mytilene
547 2767 795 2854 magnificenter
817 2778 866 2834 est
887 2765 1096 2833 aedificatum
1118 2777 1150 2832 ct
1173 2766 1348 2854 eleganter,
1371 2769 1428 2834 sed
1452 2792 1508 2857 po·
1527 2777 1560 2828 20

366 2872 464 2936 situm
478 2893 544 2936 non
558 2870 745 2961 prudenter.
788 2872 823 2935 in
846 2893 908 2957 qua
930 2872 1066 2936 civitate
1087 2879 1197 2936 auster
1219 2891 1292 2935 cum
1313 2872 1381 2955 flat,
1404 2873 1507 2937 homi-

364 2995 423 3036 nes
450 2983 640 3057 aegrotant,
670 2995 744 3037 curn
772 2995 882 3057 corus,
905 2974 1065 3056 tussiunt‚
1094 2994 1168 3037 cum
1190 2974 1384 3059 septentrio,
1413 2975 1506 3038 resti-

364 3082 500 3139 tuuntur
533 3077 569 3139 in
601 3075 824 3141 salubritatem
858 3075 915 3139 sed
949 3077 984 3138 in
1015 3075 1196 3161 angiportis
1229 3084 1262 3138 et
1293 3073 1409 3161 plateis
1442 3096 1508 3139 non

330 3186 501 3263 apossunt
538 3178 714 3242 consistere
751 3186 885 3264 propter
916 3176 1155 3239 vehementiam
1186 3174 1330 3260 frigoris.
1390 3186 1505 3241 ventus

364 3287 473 3341 autem
496 3288 544 3343 est
566 3280 650 3343 aeris
672 3278 775 3343 fluens
798 3277 886 3343 unda
908 3299 981 3342 eum
1003 3279 1128 3340 incerta
1149 3285 1255 3342 motus
1278 3276 1505 3342 redundantia.
1524 3286 1557 3335 25

363 3380 508 3444 nascitur
540 3403 614 3443 oum
646 3381 757 3444 fervor
788 3378 922 3445 offendit
955 3400 1099 3443 umorem
1127 3387 1160 3444 et
1186 3379 1326 3466 impetus
1355 3381 1506 3444 tactionis

364 3483 521 3568 exprimit
546 3484 581 3545 vi
608 3483 742 3569 spiritus
768 3482 875 3549 flatus.
924 3480 960 3546 id
981 3491 1090 3545 autem
1112 3502 1226 3544 verum
1249 3503 1321 3546 esse
1343 3503 1386 3545 ex
1407 3480 1505 3547 aeoli-

363 3582 439 3671 pilis
473 3585 575 3647 aereis
604 3583 681 3648 lieet
707 3584 853 3669 aspicere
881 3592 913 3648 et
940 3582 982 3646 de
1008 3582 1185 3647 latentibus
1214 3582 1296 3647 caeli
1323 3584 1504 3649 rationibus

434 3811 447 3856 1
466 3809 597 3859 universa
615 3806 734 3873 pondere
757 3808 788 3856 H
797 3804 881 3870 (Llc):
900 3807 1031 3858 universa
1049 3807 1171 3872 pondera
1191 3808 1219 3857 G.
1241 3804 1253 3873 ΙΙ
1277 3809 1293 3855 2
1312 3807 1416 3872 poterit
1432 3807 1503 3858 ulla:

363 3894 401 3942 sie
424 3893 483 3942 GH.
508 3888 520 3956 ΙΙ
547 3893 562 3941 t
581 3890 725 3954 babylonii
746 3892 778 3942 L.
802 3889 814 3956 ΙΙ
842 3890 1013 3942 8uitumine
1035 3899 1094 3941 ante
1112 3908 1180 3942 corr.
1201 3892 1236 3943 H.
1259 3888 1271 3956 ΙΙ
1291 3906 1324 3941 ex
1341 3906 1401 3956 epo:
1422 3890 1444 3941 u
1467 3890 1505 3954 (et

365 3976 399 4039 G)
424 3978 482 4027 GH.
506 3973 518 4041 {l
541 3979 572 4026 13
594 3983 653 4025 ante
671 3977 816 4026 Moenibus
833 3976 903 4026 rubr.
920 3978 978 4026 mai.
997 3975 1037 4026 XI
1060 3975 1134 4039 (num.
1158 3991 1204 4028 om.
1225 3975 1266 4037 G).
1306 3976 1348 4025 De
1367 3974 1503 4026 divisione

362 4077 476 4126 operum
494 4075 564 4126 quae
581 4060 654 4110 intra
672 4076 762 4110 muros
786 4066 849 4110 sunt
871 4065 900 4109 et
917 4059 1097 4125 dispositione
1118 4063 1149 4108 ut
1165 4064 1307 4109 ventorum
1329 4061 1404 4108 noxii
1422 4061 1504 4110 flatus

362 4148 484 4197 vttentur
494 4146 552 4196 GH.
571 4141 582 4206 ΙΙ
599 4146 765 4194 secunturH
778 4142 810 4206 (c,
824 4148 974 4208 sequuntur
988 4142 1075 4206 Gchl),
1088 4146 1287 4207 sequuturante
1300 4157 1368 4192 corr.
1384 4143 1413 4195 G.
1436 4140 1447 4209 ΙΙ
1471 4146 1503 4195 15

361 4231 523 4281 directionis
541 4230 701 4295 dirigentur.
737 4229 797 4294 Hoc
817 4229 846 4286 G,
866 4227 942 4291 de(di
956 4228 1126 4292 Llrectiones
1143 4226 1306 4291 dirigentur.
1342 4226 1413 4277 haec
1437 4229 1472 4283 H.
1488 4226 1500 4295 Η

364 4318 395 4366 18
415 4315 612 4366 advertendum
631 4317 684 4366 ed:
705 4311 883 4364 avertendum
903 4313 960 4365 GH.
984 4310 996 4378 Η
1025 4315 1056 4362 19
1074 4326 1138 4361 usus
1159 4311 1188 4362 G.
1215 4306 1227 4375 ΙΙ
1250 4312 1284 4360 20
1306 4312 1456 4376 mytilenae
1481 4314 1503 4363 G

361 4400 405 4463 (L,
425 4415 493 4464 —ne
506 4398 541 4465 c),
559 4400 709 4466 mitylenae
728 4400 755 4447 H
774 4396 908 4462 (mitilene
925 4396 953 4458 1).
967 4394 979 4462 Η
991 4387 1199 4460 magnificentur
1216 4401 1275 4444 ante
1293 4411 1363 4448 corr.
1383 4398 1412 4450 G.
1435 4394 1447 4463 ΙΙ
1470 4400 1503 4446 22

361 4485 460 4534 chorus
480 4485 537 4535 GH.
562 4481 574 4550 ΙΙ
596 4487 630 4534 24
647 4484 753 4549 possint
769 4489 830 4534 avite
847 4496 915 4532 corr.
935 4481 972 4530 H.
995 4477 1007 4545 ΙΙ
1033 4482 1066 4529 26
1084 4479 1215 4530 tactionis
1237 4495 1284 4545 epo
1308 4478 1396 4544 (11.1,
1416 4484 1440 4545 6,
1460 4483 1501 4534 11.

365 4571 397 4632 V,
417 4575 440 4627 9,
461 4573 484 4618 6.
512 4570 594 4628 VIII,
620 4573 643 4626 2,
663 4573 688 4620 3.
708 4567 757 4633 tl:
780 4564 913 4616 factionis
937 4565 996 4618 GH.
1020 4561 1033 4631 Η
1060 4566 1092 4614 27
1115 4564 1144 4613 vi
1161 4579 1221 4627 epo:
1244 4565 1299 4614 vim
1324 4566 1383 4615 GH.
1396 4562 1408 4631 ΙΙ
1419 4565 1502 4614 flatus

361 4654 392 4702 H
404 4653 487 4717 (Lle):
502 4654 595 4703 flatum
610 4655 639 4706 G.
657 4649 668 4720 Η
686 4669 720 4703 ex
733 4647 973 4718 eolyprlrslaereis
986 4651 1013 4700 ia
1023 4665 1077 4699 ras.
1092 4649 1126 4699 G⁶
1139 4647 1185 4712 (ex
1196 4650 1321 4716 {lus
1334 4666 1404 4714 apr.
1417 4666 1447 4700 m.
1467 4650 1499 4700 G:
1546 4634 1549 4640 ¹

362 4745 451 4789 cetera
462 4739 578 4790 radendo
590 4737 692 4792 abstulit
704 4735 861 4802 corrected:
881 4751 914 4791 cx
928 4734 1017 4788 acolis
1030 4749 1103 4789 aeus
1115 4735 1144 4789 Η
1157 4735 1200 4800 (L,
1214 4753 1248 4791 ex
1260 4734 1364 4791 accolis
1377 4735 1448 4786 aeris
1457 4733 1500 4799 lc).
