<?xml version="1.0" encoding="UTF-8"?>
<!DOCTYPE html PUBLIC "-//W3C//DTD XHTML 1.0 Transitional//EN"
    "http://www.w3.org/TR/xhtml1/DTD/xhtml1-transitional.dtd">
<html xmlns="http://www.w3.org/1999/xhtml" xml:lang="en" lang="en">
 <head>
  <title>
</title>
<meta http-equiv="Content-Type" content="text/html;charset=utf-8" />
  <meta name='ocr-system' content='tesseract 3.04.00' />
  <meta name='ocr-capabilities' content='ocr_page ocr_carea ocr_par ocr_line ocrx_word'/>
</head>
<body>
  <div class='ocr_page' id='page_1' title='image "./vitruviidearchi01strgoog_0189.png"; bbox 0 0 3784 5625; ppageno 0'>
   <div class='ocr_carea' id='block_1_1' title="bbox 678 665 1502 732">
    <p class='ocr_par' dir='ltr' id='par_1_1' title="bbox 678 665 1502 732">
     <span class='ocr_line' id='line_1_1' title="bbox 678 665 1502 732; baseline -0.002 -2"><span class='ocrx_word' id='word_1_1' title='bbox 678 684 725 730; x_wconf 83' lang='lat' dir='ltr'>nu</span> <span class='ocrx_word' id='word_1_2' title='bbox 748 665 1013 732; x_wconf 79' lang='lat' dir='ltr'>auearrncruu’a</span> <span class='ocrx_word' id='word_1_3' title='bbox 1037 682 1106 729; x_wconf 84' lang='lat' dir='ltr'>um.</span> <span class='ocrx_word' id='word_1_4' title='bbox 1129 683 1189 729; x_wconf 87' lang='lat' dir='ltr'>vu.</span> <span class='ocrx_word' id='word_1_5' title='bbox 1341 681 1364 727; x_wconf 72' lang='lat' dir='ltr'>a</span> <span class='ocrx_word' id='word_1_6' title='bbox 1443 666 1502 730; x_wconf 83' lang='lat' dir='ltr'>lli</span> 
     </span>
    </p>
   </div>
   <div class='ocr_carea' id='block_1_2' title="bbox 317 835 1556 2950">
    <p class='ocr_par' dir='ltr' id='par_1_2' title="bbox 317 835 1556 2950">
     <span class='ocr_line' id='line_1_2' title="bbox 364 835 1502 922; baseline 0 -19"><span class='ocrx_word' id='word_1_7' title='bbox 364 847 472 903; x_wconf 89' lang='lat' dir='ltr'>cetera</span> <span class='ocrx_word' id='word_1_8' title='bbox 487 837 595 903; x_wconf 88' lang='lat' dir='ltr'>omnia</span> <span class='ocrx_word' id='word_1_9' title='bbox 616 836 665 902; x_wconf 92' lang='lat' dir='ltr'>uti</span> <span class='ocrx_word' id='word_1_10' title='bbox 687 857 785 921; x_wconf 89' lang='lat' dir='ltr'>supra</span> <span class='ocrx_word' id='word_1_11' title='bbox 807 836 928 922; x_wconf 89' lang='lat' dir='ltr'>scripta</span> <span class='ocrx_word' id='word_1_12' title='bbox 943 844 1020 901; x_wconf 90' lang='lat' dir='ltr'>suut</span> <span class='ocrx_word' id='word_1_13' title='bbox 1040 835 1075 901; x_wconf 90' lang='lat' dir='ltr'>ia</span> <span class='ocrx_word' id='word_1_14' title='bbox 1096 836 1306 901; x_wconf 79' lang='lat' dir='ltr'>tectoriorum</span> <span class='ocrx_word' id='word_1_15' title='bbox 1321 835 1502 903; x_wconf 82' lang='lat' dir='ltr'>rationibus</span> 
     </span>
     <span class='ocr_line' id='line_1_3' title="bbox 364 940 1207 1029; baseline -0.004 -26"><span class='ocrx_word' id='word_1_16' title='bbox 364 940 584 1029; x_wconf 89' lang='lat' dir='ltr'>perficiantur.</span> <span class='ocrx_word' id='word_1_17' title='bbox 1204 1009 1207 1013; x_wconf 13' lang='grc' dir='ltr'><em>Α</em></span> 
     </span>
     <span class='ocr_line' id='line_1_4' title="bbox 328 1037 1502 1127; baseline 0.001 -25"><span class='ocrx_word' id='word_1_18' title='bbox 328 1055 345 1102; x_wconf 86' lang='grc'>4</span> <span class='ocrx_word' id='word_1_19' title='bbox 441 1040 520 1127; x_wconf 90' lang='lat' dir='ltr'>·Ipsi</span> <span class='ocrx_word' id='word_1_20' title='bbox 546 1048 652 1103; x_wconf 87' lang='lat' dir='ltr'>autem</span> <span class='ocrx_word' id='word_1_21' title='bbox 681 1037 891 1125; x_wconf 87' lang='lat' dir='ltr'>politionibus</span> <span class='ocrx_word' id='word_1_22' title='bbox 915 1060 1025 1103; x_wconf 87' lang='lat' dir='ltr'>eorum</span> <span class='ocrx_word' id='word_1_23' title='bbox 1046 1048 1178 1103; x_wconf 88' lang='lat' dir='ltr'>ornatus</span> <span class='ocrx_word' id='word_1_24' title='bbox 1206 1038 1353 1126; x_wconf 90' lang='lat' dir='ltr'>proprias</span> <span class='ocrx_word' id='word_1_25' title='bbox 1382 1037 1502 1103; x_wconf 90' lang='lat' dir='ltr'>debent</span> 
     </span>
     <span class='ocr_line' id='line_1_5' title="bbox 362 1140 1503 1227; baseline -0.003 -21"><span class='ocrx_word' id='word_1_26' title='bbox 362 1142 484 1207; x_wconf 89' lang='lat' dir='ltr'>habere</span> <span class='ocrx_word' id='word_1_27' title='bbox 514 1141 639 1204; x_wconf 89' lang='lat' dir='ltr'>decoris</span> <span class='ocrx_word' id='word_1_28' title='bbox 667 1140 825 1222; x_wconf 86' lang='lat' dir='ltr'>rationes,</span> <span class='ocrx_word' id='word_1_29' title='bbox 855 1141 904 1205; x_wconf 93' lang='lat' dir='ltr'>uti</span> <span class='ocrx_word' id='word_1_30' title='bbox 932 1149 963 1204; x_wconf 90' lang='lat' dir='ltr'>st</span> <span class='ocrx_word' id='word_1_31' title='bbox 993 1162 1035 1203; x_wconf 85' lang='lat' dir='ltr'>ex</span> <span class='ocrx_word' id='word_1_32' title='bbox 1062 1140 1142 1205; x_wconf 89' lang='lat' dir='ltr'>locis</span> <span class='ocrx_word' id='word_1_33' title='bbox 1169 1150 1261 1227; x_wconf 89' lang='lat' dir='ltr'>aptas</span> <span class='ocrx_word' id='word_1_34' title='bbox 1289 1148 1320 1203; x_wconf 93' lang='lat' dir='ltr'>et</span> <span class='ocrx_word' id='word_1_35' title='bbox 1348 1159 1503 1225; x_wconf 81' lang='lat' dir='ltr'>generum</span> 
     </span>
     <span class='ocr_line' id='line_1_6' title="bbox 363 1239 1538 1325; baseline -0.001 -18"><span class='ocrx_word' id='word_1_36' title='bbox 363 1241 609 1307; x_wconf 79' lang='lat' dir='ltr'><strong>discriminibus</strong></span> <span class='ocrx_word' id='word_1_37' title='bbox 624 1264 690 1307; x_wconf 89' lang='lat' dir='ltr'>non</span> <span class='ocrx_word' id='word_1_38' title='bbox 704 1239 825 1304; x_wconf 88' lang='lat' dir='ltr'>ahenas</span> <span class='ocrx_word' id='word_1_39' title='bbox 841 1240 982 1305; x_wconf 77' lang='lat' dir='ltr'>habeant</span> <span class='ocrx_word' id='word_1_40' title='bbox 997 1241 1184 1325; x_wconf 89' lang='lat' dir='ltr'>dignitates.</span> <span class='ocrx_word' id='word_1_41' title='bbox 1220 1239 1374 1305; x_wconf 88' lang='lat' dir='ltr'>tricliniis</span> <span class='ocrx_word' id='word_1_42' title='bbox 1396 1241 1503 1305; x_wconf 89' lang='lat' dir='ltr'>hiber·</span> <span class='ocrx_word' id='word_1_43' title='bbox 1522 1256 1538 1306; x_wconf 82' lang='lat'>6</span> 
     </span>
     <span class='ocr_line' id='line_1_7' title="bbox 362 1341 1502 1429; baseline -0.003 -21"><span class='ocrx_word' id='word_1_44' title='bbox 362 1346 414 1408; x_wconf 91' lang='lat' dir='ltr'>nis</span> <span class='ocrx_word' id='word_1_45' title='bbox 436 1366 503 1408; x_wconf 93' lang='lat' dir='ltr'>non</span> <span class='ocrx_word' id='word_1_46' title='bbox 524 1352 573 1406; x_wconf 90' lang='lat' dir='ltr'>est</span> <span class='ocrx_word' id='word_1_47' title='bbox 594 1343 938 1427; x_wconf 70' lang='lat' dir='ltr'>utilis‘compcsitione</span> <span class='ocrx_word' id='word_1_48' title='bbox 953 1364 1014 1406; x_wconf 88' lang='lat' dir='ltr'>nec</span> <span class='ocrx_word' id='word_1_49' title='bbox 1028 1341 1302 1429; x_wconf 81' lang='lat' dir='ltr'>megalographia,</span> <span class='ocrx_word' id='word_1_50' title='bbox 1325 1360 1386 1405; x_wconf 89' lang='lat' dir='ltr'>nec</span> <span class='ocrx_word' id='word_1_51' title='bbox 1400 1363 1502 1405; x_wconf 87' lang='lat' dir='ltr'>came-</span> 
     </span>
     <span class='ocr_line' id='line_1_8' title="bbox 362 1439 1503 1529; baseline -0.003 -20"><span class='ocrx_word' id='word_1_52' title='bbox 362 1466 472 1509; x_wconf 88' lang='lat' dir='ltr'>rarum</span> <span class='ocrx_word' id='word_1_53' title='bbox 494 1445 661 1508; x_wconf 89' lang='lat' dir='ltr'>coronario</span> <span class='ocrx_word' id='word_1_54' title='bbox 683 1463 780 1529; x_wconf 91' lang='lat' dir='ltr'>opere</span> <span class='ocrx_word' id='word_1_55' title='bbox 801 1442 931 1507; x_wconf 91' lang='lat' dir='ltr'>subtilis</span> <span class='ocrx_word' id='word_1_56' title='bbox 955 1453 1102 1524; x_wconf 87' lang='lat' dir='ltr'>ornatus,</span> <span class='ocrx_word' id='word_1_57' title='bbox 1131 1443 1218 1529; x_wconf 91' lang='lat' dir='ltr'>quod</span> <span class='ocrx_word' id='word_1_58' title='bbox 1241 1464 1278 1505; x_wconf 90' lang='lat' dir='ltr'>ea</span> <span class='ocrx_word' id='word_1_59' title='bbox 1300 1453 1332 1507; x_wconf 91' lang='lat' dir='ltr'>et</span> <span class='ocrx_word' id='word_1_60' title='bbox 1353 1439 1395 1506; x_wconf 90' lang='lat' dir='ltr'>ab</span> <span class='ocrx_word' id='word_1_61' title='bbox 1417 1445 1503 1527; x_wconf 90' lang='lat' dir='ltr'>ignis</span> 
     </span>
     <span class='ocr_line' id='line_1_9' title="bbox 363 1543 1505 1630; baseline -0.003 -21"><span class='ocrx_word' id='word_1_62' title='bbox 363 1546 453 1611; x_wconf 85' lang='lat' dir='ltr'>fumo</span> <span class='ocrx_word' id='word_1_63' title='bbox 481 1546 582 1616; x_wconf 82' lang='lat' dir='ltr'>stab</span> <span class='ocrx_word' id='word_1_64' title='bbox 610 1544 768 1608; x_wconf 90' lang='lat' dir='ltr'>luminum</span> <span class='ocrx_word' id='word_1_65' title='bbox 795 1543 917 1607; x_wconf 80' lang='lat' dir='ltr'>crebris</span> <span class='ocrx_word' id='word_1_66' title='bbox 947 1544 1139 1629; x_wconf 84' lang='lat' dir='ltr'>fuliginibus</span> <span class='ocrx_word' id='word_1_67' title='bbox 1168 1552 1426 1630; x_wconf 86' lang='lat' dir='ltr'>corrumpuntur.</span> <span class='ocrx_word' id='word_1_68' title='bbox 1469 1545 1505 1607; x_wconf 94' lang='lat' dir='ltr'>in</span> 
     </span>
     <span class='ocr_line' id='line_1_10' title="bbox 335 1644 1504 1733; baseline -0.004 -19"><span class='ocrx_word' id='word_1_69' title='bbox 335 1709 339 1714; x_wconf 82' lang='lat'>.</span> <span class='ocrx_word' id='word_1_70' title='bbox 363 1647 415 1711; x_wconf 89' lang='lat' dir='ltr'>his</span> <span class='ocrx_word' id='word_1_71' title='bbox 438 1667 517 1712; x_wconf 88' lang='lat' dir='ltr'>vero</span> <span class='ocrx_word' id='word_1_72' title='bbox 540 1667 639 1732; x_wconf 87' lang='lat' dir='ltr'>supra</span> <span class='ocrx_word' id='word_1_73' title='bbox 664 1644 763 1733; x_wconf 89' lang='lat' dir='ltr'>podia</span> <span class='ocrx_word' id='word_1_74' title='bbox 784 1644 878 1709; x_wconf 86' lang='lat' dir='ltr'>abaci</span> <span class='ocrx_word' id='word_1_75' title='bbox 900 1666 943 1709; x_wconf 85' lang='lat' dir='ltr'>ex</span> <span class='ocrx_word' id='word_1_76' title='bbox 964 1654 1143 1710; x_wconf 88' lang='lat' dir='ltr'>atramento</span> <span class='ocrx_word' id='word_1_77' title='bbox 1166 1654 1243 1709; x_wconf 89' lang='lat' dir='ltr'>sunt</span> <span class='ocrx_word' id='word_1_78' title='bbox 1270 1644 1446 1730; x_wconf 86' lang='lat' dir='ltr'>subigendi</span> <span class='ocrx_word' id='word_1_79' title='bbox 1472 1654 1504 1709; x_wconf 92' lang='lat' dir='ltr'>et</span> 
     </span>
     <span class='ocr_line' id='line_1_11' title="bbox 364 1743 1554 1835; baseline 0.002 -24"><span class='ocrx_word' id='word_1_80' title='bbox 364 1743 520 1835; x_wconf 86' lang='lat' dir='ltr'>poliendi,</span> <span class='ocrx_word' id='word_1_81' title='bbox 544 1749 653 1811; x_wconf 87' lang='lat' dir='ltr'>cuneis</span> <span class='ocrx_word' id='word_1_82' title='bbox 677 1746 806 1812; x_wconf 76' lang='lat' dir='ltr'>silaceis</span> <span class='ocrx_word' id='word_1_83' title='bbox 829 1768 886 1810; x_wconf 85' lang='lat' dir='ltr'>seu</span> <span class='ocrx_word' id='word_1_84' title='bbox 907 1747 1075 1814; x_wconf 86' lang='lat' dir='ltr'>miniaceis</span> <span class='ocrx_word' id='word_1_85' title='bbox 1097 1747 1310 1832; x_wconf 83' lang='lat' dir='ltr'>interpositis.</span> <span class='ocrx_word' id='word_1_86' title='bbox 1523 1766 1554 1814; x_wconf 89' lang='lat'>10</span> 
     </span>
     <span class='ocr_line' id='line_1_12' title="bbox 434 1848 1556 1936; baseline -0.001 -24"><span class='ocrx_word' id='word_1_87' title='bbox 434 1848 625 1936; x_wconf 36' lang='lat' dir='ltr'>*Explicata</span> <span class='ocrx_word' id='word_1_88' title='bbox 652 1870 779 1912; x_wconf 89' lang='lat' dir='ltr'>camera</span> <span class='ocrx_word' id='word_1_89' title='bbox 805 1870 887 1935; x_wconf 88' lang='lat' dir='ltr'>pura</span> <span class='ocrx_word' id='word_1_90' title='bbox 914 1858 946 1912; x_wconf 90' lang='lat' dir='ltr'>et</span> <span class='ocrx_word' id='word_1_91' title='bbox 974 1848 1090 1934; x_wconf 84' lang='lat' dir='ltr'>polite,</span> <span class='ocrx_word' id='word_1_92' title='bbox 1119 1850 1216 1913; x_wconf 89' lang='lat' dir='ltr'>etiam</span> <span class='ocrx_word' id='word_1_93' title='bbox 1243 1850 1503 1935; x_wconf 85' lang='lat' dir='ltr'>pavimentorum</span> <span class='ocrx_word' id='word_1_94' title='bbox 1553 1918 1556 1931; x_wconf 50' lang='grc'>,</span> 
     </span>
     <span class='ocr_line' id='line_1_13' title="bbox 364 1949 1503 2038; baseline 0.001 -24"><span class='ocrx_word' id='word_1_95' title='bbox 364 1972 429 2014; x_wconf 90' lang='lat' dir='ltr'>non</span> <span class='ocrx_word' id='word_1_96' title='bbox 452 1952 514 2014; x_wconf 91' lang='lat' dir='ltr'>erit</span> <span class='ocrx_word' id='word_1_97' title='bbox 536 1949 732 2038; x_wconf 83' lang='lat' dir='ltr'>displicens,</span> <span class='ocrx_word' id='word_1_98' title='bbox 763 1950 870 2036; x_wconf 90' lang='lat' dir='ltr'>siqui</span> <span class='ocrx_word' id='word_1_99' title='bbox 897 1950 1157 2015; x_wconf 87' lang='lat' dir='ltr'>animadvertere</span> <span class='ocrx_word' id='word_1_100' title='bbox 1179 1949 1319 2016; x_wconf 89' lang='lat' dir='ltr'>voluerit</span> <span class='ocrx_word' id='word_1_101' title='bbox 1325 2000 1334 2034; x_wconf 86' lang='lat'><em>,</em></span> <span class='ocrx_word' id='word_1_102' title='bbox 1363 1950 1503 2015; x_wconf 76' lang='lat' dir='ltr'>Graeco-</span> 
     </span>
     <span class='ocr_line' id='line_1_14' title="bbox 363 2050 1523 2137; baseline 0.001 -22"><span class='ocrx_word' id='word_1_103' title='bbox 363 2073 436 2115; x_wconf 85' lang='lat' dir='ltr'>rum</span> <span class='ocrx_word' id='word_1_104' title='bbox 459 2051 506 2114; x_wconf 87' lang='lat' dir='ltr'>ad</span> <span class='ocrx_word' id='word_1_105' title='bbox 533 2050 817 2118; x_wconf 86' lang='lat' dir='ltr'>hibernaculorum</span> <span class='ocrx_word' id='word_1_106' title='bbox 843 2074 938 2116; x_wconf 90' lang='lat' dir='ltr'>usum</span> <span class='ocrx_word' id='word_1_107' title='bbox 964 2052 1098 2116; x_wconf 90' lang='lat' dir='ltr'>minime</span> <span class='ocrx_word' id='word_1_108' title='bbox 1126 2060 1332 2137; x_wconf 90' lang='lat' dir='ltr'>sumptuosus</span> <span class='ocrx_word' id='word_1_109' title='bbox 1355 2062 1388 2116; x_wconf 92' lang='lat' dir='ltr'>et</span> <span class='ocrx_word' id='word_1_110' title='bbox 1412 2052 1523 2116; x_wconf 79' lang='lat' dir='ltr'>utilis</span> 
     </span>
     <span class='ocr_line' id='line_1_15' title="bbox 330 2151 1501 2241; baseline -0.001 -23"><span class='ocrx_word' id='word_1_111' title='bbox 330 2162 550 2241; x_wconf 78' lang='lat' dir='ltr'>tapparatus.</span> <span class='ocrx_word' id='word_1_112' title='bbox 600 2151 723 2218; x_wconf 88' lang='lat' dir='ltr'>foditur</span> <span class='ocrx_word' id='word_1_113' title='bbox 746 2153 832 2216; x_wconf 90' lang='lat' dir='ltr'>enim</span> <span class='ocrx_word' id='word_1_114' title='bbox 859 2152 946 2216; x_wconf 86' lang='lat' dir='ltr'>infra</span> <span class='ocrx_word' id='word_1_115' title='bbox 974 2152 1203 2218; x_wconf 90' lang='lat' dir='ltr'>libramentum</span> <span class='ocrx_word' id='word_1_116' title='bbox 1230 2152 1366 2217; x_wconf 90' lang='lat' dir='ltr'>triclinii</span> <span class='ocrx_word' id='word_1_117' title='bbox 1393 2152 1501 2217; x_wconf 92' lang='lat' dir='ltr'>altitu-</span> 
     </span>
     <span class='ocr_line' id='line_1_16' title="bbox 364 2253 1554 2340; baseline 0.001 -23"><span class='ocrx_word' id='word_1_118' title='bbox 364 2254 440 2318; x_wconf 91' lang='lat' dir='ltr'>dine</span> <span class='ocrx_word' id='word_1_119' title='bbox 468 2255 598 2319; x_wconf 84' lang='lat' dir='ltr'>circiter</span> <span class='ocrx_word' id='word_1_120' title='bbox 624 2254 744 2340; x_wconf 88' lang='lat' dir='ltr'>pedum</span> <span class='ocrx_word' id='word_1_121' title='bbox 771 2254 901 2337; x_wconf 82' lang='lat' dir='ltr'>binum,</span> <span class='ocrx_word' id='word_1_122' title='bbox 930 2263 962 2317; x_wconf 88' lang='lat' dir='ltr'>et</span> <span class='ocrx_word' id='word_1_123' title='bbox 983 2253 1052 2319; x_wconf 88' lang='lat' dir='ltr'>solo</span> <span class='ocrx_word' id='word_1_124' title='bbox 1074 2254 1236 2318; x_wconf 83' lang='lat' dir='ltr'>festucato</span> <span class='ocrx_word' id='word_1_125' title='bbox 1260 2254 1427 2339; x_wconf 75' lang='lat' dir='ltr'>inducitur</span> <span class='ocrx_word' id='word_1_126' title='bbox 1447 2263 1554 2319; x_wconf 85' lang='lat' dir='ltr'>aut15</span> 
     </span>
     <span class='ocr_line' id='line_1_17' title="bbox 317 2344 1503 2442; baseline -0.003 -21"><span class='ocrx_word' id='word_1_127' title='bbox 317 2344 325 2356; x_wconf 77' lang='grc'><em>’</em></span> <span class='ocrx_word' id='word_1_128' title='bbox 363 2356 466 2421; x_wconf 86' lang='lat' dir='ltr'>rudus</span> <span class='ocrx_word' id='word_1_129' title='bbox 487 2364 544 2420; x_wconf 89' lang='lat' dir='ltr'>aut</span> <span class='ocrx_word' id='word_1_130' title='bbox 564 2363 744 2420; x_wconf 87' lang='lat' dir='ltr'>testaceum</span> <span class='ocrx_word' id='word_1_131' title='bbox 765 2356 988 2442; x_wconf 89' lang='lat' dir='ltr'>pavimentum</span> <span class='ocrx_word' id='word_1_132' title='bbox 1010 2357 1056 2419; x_wconf 90' lang='lat' dir='ltr'>ita</span> <span class='ocrx_word' id='word_1_133' title='bbox 1078 2353 1269 2439; x_wconf 85' lang='lat' dir='ltr'>fastigatum</span> <span class='ocrx_word' id='word_1_134' title='bbox 1283 2363 1319 2417; x_wconf 88' lang='lat' dir='ltr'>ut</span> <span class='ocrx_word' id='word_1_135' title='bbox 1342 2356 1376 2417; x_wconf 91' lang='lat' dir='ltr'>in</span> <span class='ocrx_word' id='word_1_136' title='bbox 1398 2353 1503 2419; x_wconf 86' lang='lat' dir='ltr'>canali</span> 
     </span>
     <span class='ocr_line' id='line_1_18' title="bbox 364 2454 1502 2541; baseline -0.001 -21"><span class='ocrx_word' id='word_1_137' title='bbox 364 2456 482 2521; x_wconf 88' lang='lat' dir='ltr'>habeat</span> <span class='ocrx_word' id='word_1_138' title='bbox 502 2463 608 2521; x_wconf 88' lang='lat' dir='ltr'>nares.</span> <span class='ocrx_word' id='word_1_139' title='bbox 652 2455 771 2521; x_wconf 89' lang='lat' dir='ltr'>deinde</span> <span class='ocrx_word' id='word_1_140' title='bbox 793 2457 956 2541; x_wconf 86' lang='lat' dir='ltr'>congestis</span> <span class='ocrx_word' id='word_1_141' title='bbox 980 2465 1012 2520; x_wconf 91' lang='lat' dir='ltr'>et</span> <span class='ocrx_word' id='word_1_142' title='bbox 1033 2458 1138 2541; x_wconf 86' lang='lat' dir='ltr'>spisse</span> <span class='ocrx_word' id='word_1_143' title='bbox 1153 2454 1284 2519; x_wconf 87' lang='lat' dir='ltr'>calcatis</span> <span class='ocrx_word' id='word_1_144' title='bbox 1307 2455 1502 2520; x_wconf 90' lang='lat' dir='ltr'>carbonibus</span> 
     </span>
     <span class='ocr_line' id='line_1_19' title="bbox 364 2556 1501 2624; baseline -0.001 -2"><span class='ocrx_word' id='word_1_145' title='bbox 364 2558 531 2624; x_wconf 89' lang='lat' dir='ltr'>inducitur</span> <span class='ocrx_word' id='word_1_146' title='bbox 551 2580 569 2621; x_wconf 92' lang='lat' dir='ltr'>e</span> <span class='ocrx_word' id='word_1_147' title='bbox 596 2557 752 2624; x_wconf 88' lang='lat' dir='ltr'>sabulone</span> <span class='ocrx_word' id='word_1_148' title='bbox 775 2568 807 2623; x_wconf 92' lang='lat' dir='ltr'>et</span> <span class='ocrx_word' id='word_1_149' title='bbox 829 2557 916 2621; x_wconf 85' lang='lat' dir='ltr'>calce</span> <span class='ocrx_word' id='word_1_150' title='bbox 942 2566 974 2621; x_wconf 90' lang='lat' dir='ltr'>et</span> <span class='ocrx_word' id='word_1_151' title='bbox 996 2556 1112 2621; x_wconf 86' lang='lat' dir='ltr'>favilla</span> <span class='ocrx_word' id='word_1_152' title='bbox 1131 2558 1236 2621; x_wconf 84' lang='lat' dir='ltr'>mixta</span> <span class='ocrx_word' id='word_1_153' title='bbox 1249 2558 1400 2621; x_wconf 87' lang='lat' dir='ltr'>materies</span> <span class='ocrx_word' id='word_1_154' title='bbox 1416 2578 1501 2621; x_wconf 88' lang='lat' dir='ltr'>cras-</span> 
     </span>
     <span class='ocr_line' id='line_1_20' title="bbox 364 2656 1500 2749; baseline -0.002 -26"><span class='ocrx_word' id='word_1_155' title='bbox 364 2659 518 2738; x_wconf 53' lang='lat' dir='ltr'>situdine⁸</span> <span class='ocrx_word' id='word_1_156' title='bbox 535 2658 734 2745; x_wconf 86' lang='lat' dir='ltr'>semipedali.</span> <span class='ocrx_word' id='word_1_157' title='bbox 783 2659 825 2723; x_wconf 88' lang='lat' dir='ltr'>ad</span> <span class='ocrx_word' id='word_1_158' title='bbox 851 2658 997 2744; x_wconf 89' lang='lat' dir='ltr'>regulam</span> <span class='ocrx_word' id='word_1_159' title='bbox 1026 2668 1058 2723; x_wconf 90' lang='lat' dir='ltr'>et</span> <span class='ocrx_word' id='word_1_160' title='bbox 1085 2656 1229 2723; x_wconf 91' lang='lat' dir='ltr'>libellam</span> <span class='ocrx_word' id='word_1_161' title='bbox 1251 2681 1381 2749; x_wconf 84' lang='lat' dir='ltr'>summo</span> <span class='ocrx_word' id='word_1_162' title='bbox 1404 2658 1500 2724; x_wconf 89' lang='lat' dir='ltr'>libra-</span> 
     </span>
     <span class='ocr_line' id='line_1_21' title="bbox 364 2761 1554 2850; baseline -0.002 -24"><span class='ocrx_word' id='word_1_163' title='bbox 364 2772 472 2827; x_wconf 87' lang='lat' dir='ltr'>mento</span> <span class='ocrx_word' id='word_1_164' title='bbox 495 2770 567 2827; x_wconf 86' lang='lat' dir='ltr'>cote</span> <span class='ocrx_word' id='word_1_165' title='bbox 589 2761 779 2850; x_wconf 87' lang='lat' dir='ltr'>despumato</span> <span class='ocrx_word' id='word_1_166' title='bbox 801 2761 952 2827; x_wconf 86' lang='lat' dir='ltr'>redditur</span> <span class='ocrx_word' id='word_1_167' title='bbox 966 2762 1092 2848; x_wconf 88' lang='lat' dir='ltr'>species</span> <span class='ocrx_word' id='word_1_168' title='bbox 1112 2762 1200 2846; x_wconf 86' lang='lat' dir='ltr'>nigri</span> <span class='ocrx_word' id='word_1_169' title='bbox 1222 2761 1412 2848; x_wconf 88' lang='lat' dir='ltr'>pavimenti.</span> <span class='ocrx_word' id='word_1_170' title='bbox 1456 2762 1503 2825; x_wconf 88' lang='lat' dir='ltr'>ita</span> <span class='ocrx_word' id='word_1_171' title='bbox 1520 2791 1554 2841; x_wconf 75' lang='lat'>20</span> 
     </span>
     <span class='ocr_line' id='line_1_22' title="bbox 365 2861 1504 2950; baseline -0.001 -24"><span class='ocrx_word' id='word_1_172' title='bbox 365 2863 527 2928; x_wconf 85' lang='lat' dir='ltr'>conviviis</span> <span class='ocrx_word' id='word_1_173' title='bbox 544 2884 653 2928; x_wconf 88' lang='lat' dir='ltr'>eorum</span> <span class='ocrx_word' id='word_1_174' title='bbox 670 2873 702 2928; x_wconf 90' lang='lat' dir='ltr'>et</span> <span class='ocrx_word' id='word_1_175' title='bbox 717 2863 803 2950; x_wconf 90' lang='lat' dir='ltr'>quod</span> <span class='ocrx_word' id='word_1_176' title='bbox 825 2863 951 2949; x_wconf 90' lang='lat' dir='ltr'>poculis</span> <span class='ocrx_word' id='word_1_177' title='bbox 968 2872 1000 2928; x_wconf 87' lang='lat' dir='ltr'>et</span> <span class='ocrx_word' id='word_1_178' title='bbox 1014 2863 1200 2950; x_wconf 88' lang='lat' dir='ltr'>pytismatis</span> <span class='ocrx_word' id='word_1_179' title='bbox 1216 2861 1393 2926; x_wconf 87' lang='lat' dir='ltr'>effunditur</span> <span class='ocrx_word' id='word_1_180' title='bbox 1407 2861 1504 2926; x_wconf 91' lang='lat' dir='ltr'>simul</span> 
     </span>
    </p>
   </div>
   <div class='ocr_carea' id='block_1_3' title="bbox 364 2953 1503 3253">
    <p class='ocr_par' dir='ltr' id='par_1_3' title="bbox 364 2953 1503 3253">
     <span class='ocr_line' id='line_1_23' title="bbox 365 2953 1503 3051; baseline 0 -23"><span class='ocrx_word' id='word_1_181' title='bbox 365 2964 454 3028; x_wconf 85' lang='lat' dir='ltr'>cadit</span> <span class='ocrx_word' id='word_1_182' title='bbox 468 2964 691 3050; x_wconf 88' lang='lat' dir='ltr'>siccescitque‚</span> <span class='ocrx_word' id='word_1_183' title='bbox 708 2965 828 3051; x_wconf 89' lang='lat' dir='ltr'>quique</span> <span class='ocrx_word' id='word_1_184' title='bbox 843 2974 1017 3029; x_wconf 83' lang='lat' dir='ltr'>versantur</span> <span class='ocrx_word' id='word_1_185' title='bbox 1030 2965 1078 3028; x_wconf 91' lang='lat' dir='ltr'>ibi</span> <span class='ocrx_word' id='word_1_186' title='bbox 1093 2965 1313 3028; x_wconf 87' lang='lat' dir='ltr'>ministrantes</span> <span class='ocrx_word' id='word_1_187' title='bbox 1330 2966 1392 3029; x_wconf 91' lang='lat' dir='ltr'>etsi</span> <span class='ocrx_word' id='word_1_188' title='bbox 1406 2953 1503 3028; x_wconf 83' lang='lat' dir='ltr'>nudis</span> 
     </span>
     <span class='ocr_line' id='line_1_24' title="bbox 364 3064 1503 3154; baseline 0.002 -25"><span class='ocrx_word' id='word_1_189' title='bbox 364 3065 504 3154; x_wconf 90' lang='lat' dir='ltr'>pedibus</span> <span class='ocrx_word' id='word_1_190' title='bbox 531 3065 668 3150; x_wconf 86' lang='lat' dir='ltr'>fuerint,</span> <span class='ocrx_word' id='word_1_191' title='bbox 697 3088 763 3131; x_wconf 89' lang='lat' dir='ltr'>non</span> <span class='ocrx_word' id='word_1_192' title='bbox 783 3067 946 3154; x_wconf 90' lang='lat' dir='ltr'>recipiunt</span> <span class='ocrx_word' id='word_1_193' title='bbox 974 3065 1078 3152; x_wconf 87' lang='lat' dir='ltr'>frigus</span> <span class='ocrx_word' id='word_1_194' title='bbox 1101 3066 1143 3131; x_wconf 89' lang='lat' dir='ltr'>ab</span> <span class='ocrx_word' id='word_1_195' title='bbox 1172 3067 1240 3131; x_wconf 92' lang='lat' dir='ltr'>eius</span> <span class='ocrx_word' id='word_1_196' title='bbox 1268 3064 1358 3142; x_wconf 85' lang='lat' dir='ltr'>modi</span> <span class='ocrx_word' id='word_1_197' title='bbox 1384 3087 1503 3153; x_wconf 88' lang='lat' dir='ltr'>genere</span> 
     </span>
     <span class='ocr_line' id='line_1_25' title="bbox 364 3167 555 3253; baseline -0.01 -21"><span class='ocrx_word' id='word_1_198' title='bbox 364 3167 555 3253; x_wconf 83' lang='lat' dir='ltr'>pavimenti.</span> 
     </span>
    </p>
   </div>
   <div class='ocr_carea' id='block_1_4' title="bbox 361 3370 1504 4777">
    <p class='ocr_par' dir='ltr' id='par_1_4' title="bbox 361 3370 1504 4777">
     <span class='ocr_line' id='line_1_26' title="bbox 433 3370 1502 3440; baseline 0.001 -17"><span class='ocrx_word' id='word_1_199' title='bbox 433 3376 447 3423; x_wconf 89' lang='lat'>1</span> <span class='ocrx_word' id='word_1_200' title='bbox 465 3373 641 3424; x_wconf 82' lang='lat' dir='ltr'>tectoriorum</span> <span class='ocrx_word' id='word_1_201' title='bbox 652 3376 721 3424; x_wconf 70' lang='lat' dir='ltr'>loa:</span> <span class='ocrx_word' id='word_1_202' title='bbox 740 3376 858 3426; x_wconf 88' lang='lat' dir='ltr'>tectorio</span> <span class='ocrx_word' id='word_1_203' title='bbox 871 3375 931 3425; x_wconf 85' lang='lat' dir='ltr'>GH.</span> <span class='ocrx_word' id='word_1_204' title='bbox 947 3370 960 3440; x_wconf 93' lang='grc' dir='ltr'>Η</span> <span class='ocrx_word' id='word_1_205' title='bbox 975 3377 990 3424; x_wconf 79' lang='lat'><strong>2</strong></span> <span class='ocrx_word' id='word_1_206' title='bbox 1003 3373 1181 3440; x_wconf 84' lang='lat' dir='ltr'>perficiantur</span> <span class='ocrx_word' id='word_1_207' title='bbox 1192 3374 1247 3426; x_wconf 76' lang='lat' dir='ltr'>ed:</span> <span class='ocrx_word' id='word_1_208' title='bbox 1266 3374 1410 3426; x_wconf 85' lang='lat' dir='ltr'>-ciuutur</span> <span class='ocrx_word' id='word_1_209' title='bbox 1419 3376 1478 3427; x_wconf 83' lang='lat' dir='ltr'>GH.</span> <span class='ocrx_word' id='word_1_210' title='bbox 1489 3371 1502 3440; x_wconf 99' lang='grc' dir='ltr'>Η</span> 
     </span>
     <span class='ocr_line' id='line_1_27' title="bbox 364 3454 1503 3526; baseline 0.002 -19"><span class='ocrx_word' id='word_1_211' title='bbox 364 3459 380 3507; x_wconf 82' lang='grc'>3</span> <span class='ocrx_word' id='word_1_212' title='bbox 399 3454 579 3521; x_wconf 84' lang='lat' dir='ltr'>politionibus</span> <span class='ocrx_word' id='word_1_213' title='bbox 593 3494 599 3507; x_wconf 91' lang='lat'><em>.</em></span> <span class='ocrx_word' id='word_1_214' title='bbox 613 3494 637 3509; x_wconf 90' lang='lat'>..</span> <span class='ocrx_word' id='word_1_215' title='bbox 651 3460 775 3524; x_wconf 87' lang='lat' dir='ltr'>proprios</span> <span class='ocrx_word' id='word_1_216' title='bbox 788 3497 794 3510; x_wconf 91' lang='lat'><em>.</em></span> <span class='ocrx_word' id='word_1_217' title='bbox 806 3497 812 3509; x_wconf 92' lang='lat'><strong><em>.</em></strong></span> <span class='ocrx_word' id='word_1_218' title='bbox 823 3496 830 3511; x_wconf 90' lang='lat'><strong>.</strong></span> <span class='ocrx_word' id='word_1_219' title='bbox 843 3458 987 3510; x_wconf 79' lang='lat' dir='ltr'>addeco&#39;ris</span> <span class='ocrx_word' id='word_1_220' title='bbox 1001 3460 1052 3510; x_wconf 76' lang='lat' dir='ltr'>GH</span> <span class='ocrx_word' id='word_1_221' title='bbox 1064 3459 1143 3524; x_wconf 85' lang='lat' dir='ltr'>(corr.</span> <span class='ocrx_word' id='word_1_222' title='bbox 1153 3458 1216 3522; x_wconf 78' lang='lat' dir='ltr'>ed).</span> <span class='ocrx_word' id='word_1_223' title='bbox 1231 3455 1244 3526; x_wconf 95' lang='grc' dir='ltr'>Η</span> <span class='ocrx_word' id='word_1_224' title='bbox 1258 3461 1276 3509; x_wconf 87' lang='grc'>4</span> <span class='ocrx_word' id='word_1_225' title='bbox 1288 3464 1361 3510; x_wconf 88' lang='lat' dir='ltr'>etex</span> <span class='ocrx_word' id='word_1_226' title='bbox 1372 3459 1453 3509; x_wconf 86' lang='lat' dir='ltr'>locis:</span> <span class='ocrx_word' id='word_1_227' title='bbox 1466 3460 1503 3509; x_wconf 81' lang='lat' dir='ltr'>sic</span> 
     </span>
     <span class='ocr_line' id='line_1_28' title="bbox 365 3537 1503 3611; baseline 0.002 -19"><span class='ocrx_word' id='word_1_228' title='bbox 365 3541 424 3592; x_wconf 81' lang='lat' dir='ltr'>GH.</span> <span class='ocrx_word' id='word_1_229' title='bbox 446 3537 460 3607; x_wconf 93' lang='grc' dir='ltr'>Η</span> <span class='ocrx_word' id='word_1_230' title='bbox 483 3545 564 3606; x_wconf 84' lang='lat' dir='ltr'>aptas</span> <span class='ocrx_word' id='word_1_231' title='bbox 584 3547 612 3593; x_wconf 90' lang='lat' dir='ltr'>et</span> <span class='ocrx_word' id='word_1_232' title='bbox 636 3543 658 3593; x_wconf 83' lang='lat' dir='ltr'><em>G</em></span> <span class='ocrx_word' id='word_1_233' title='bbox 680 3540 741 3608; x_wconf 86' lang='lat' dir='ltr'><em>(L)=</em></span> <span class='ocrx_word' id='word_1_234' title='bbox 772 3541 875 3608; x_wconf 81' lang='lat' dir='ltr'>aptas&amp;</span> <span class='ocrx_word' id='word_1_235' title='bbox 892 3542 957 3607; x_wconf 84' lang='lat' dir='ltr'>(eum</span> <span class='ocrx_word' id='word_1_236' title='bbox 973 3544 1055 3607; x_wconf 71' lang='lat' dir='ltr'>ezr)</span> <span class='ocrx_word' id='word_1_237' title='bbox 1072 3546 1102 3595; x_wconf 94' lang='lat' dir='ltr'><em>H</em></span> <span class='ocrx_word' id='word_1_238' title='bbox 1124 3542 1201 3608; x_wconf 82' lang='lat' dir='ltr'>(unde</span> <span class='ocrx_word' id='word_1_239' title='bbox 1219 3549 1331 3611; x_wconf 86' lang='lat' dir='ltr'>aptaret</span> <span class='ocrx_word' id='word_1_240' title='bbox 1352 3548 1375 3596; x_wconf 82' lang='lat' dir='ltr'>lc</span> <span class='ocrx_word' id='word_1_241' title='bbox 1397 3553 1423 3595; x_wconf 86' lang='lat' dir='ltr'>et</span> <span class='ocrx_word' id='word_1_242' title='bbox 1443 3552 1503 3595; x_wconf 78' lang='lat' dir='ltr'>ante</span> 
     </span>
     <span class='ocr_line' id='line_1_29' title="bbox 363 3624 1501 3696; baseline 0.001 -19"><span class='ocrx_word' id='word_1_243' title='bbox 363 3640 432 3677; x_wconf 80' lang='lat' dir='ltr'>corr.</span> <span class='ocrx_word' id='word_1_244' title='bbox 451 3625 475 3684; x_wconf 79' lang='lat' dir='ltr'>t,</span> <span class='ocrx_word' id='word_1_245' title='bbox 495 3631 562 3691; x_wconf 85' lang='lat' dir='ltr'>apta</span> <span class='ocrx_word' id='word_1_246' title='bbox 580 3631 609 3677; x_wconf 89' lang='lat' dir='ltr'>et</span> <span class='ocrx_word' id='word_1_247' title='bbox 626 3625 675 3692; x_wconf 67' lang='lat' dir='ltr'>hc).</span> <span class='ocrx_word' id='word_1_248' title='bbox 700 3624 713 3694; x_wconf 86' lang='grc' dir='ltr'>Η</span> <span class='ocrx_word' id='word_1_249' title='bbox 740 3630 755 3677; x_wconf 86' lang='grc'>6</span> <span class='ocrx_word' id='word_1_250' title='bbox 774 3629 985 3694; x_wconf 88' lang='lat' dir='ltr'>compositione:</span> <span class='ocrx_word' id='word_1_251' title='bbox 1008 3630 1045 3679; x_wconf 81' lang='lat' dir='ltr'>sic</span> <span class='ocrx_word' id='word_1_252' title='bbox 1069 3631 1128 3680; x_wconf 81' lang='lat' dir='ltr'>GH.</span> <span class='ocrx_word' id='word_1_253' title='bbox 1151 3626 1163 3696; x_wconf 96' lang='grc' dir='ltr'>Η</span> <span class='ocrx_word' id='word_1_254' title='bbox 1186 3629 1412 3695; x_wconf 82' lang='lat' dir='ltr'>megalographia</span> <span class='ocrx_word' id='word_1_255' title='bbox 1432 3630 1501 3680; x_wconf 72' lang='lat' dir='ltr'>loa:</span> 
     </span>
     <span class='ocr_line' id='line_1_30' title="bbox 361 3709 1504 3784; baseline 0.003 -26"><span class='ocrx_word' id='word_1_256' title='bbox 361 3709 555 3775; x_wconf 85' lang='lat' dir='ltr'>melographia</span> <span class='ocrx_word' id='word_1_257' title='bbox 575 3711 624 3760; x_wconf 84' lang='lat' dir='ltr'>GH</span> <span class='ocrx_word' id='word_1_258' title='bbox 642 3712 686 3779; x_wconf 57' lang='lat' dir='ltr'>(li,</span> <span class='ocrx_word' id='word_1_259' title='bbox 706 3713 843 3776; x_wconf 85' lang='lat' dir='ltr'>melophia</span> <span class='ocrx_word' id='word_1_260' title='bbox 860 3717 884 3763; x_wconf 88' lang='lat' dir='ltr'>lc</span> <span class='ocrx_word' id='word_1_261' title='bbox 897 3709 968 3777; x_wconf 60' lang='lat' dir='ltr'>[osli</span> <span class='ocrx_word' id='word_1_262' title='bbox 985 3709 1028 3779; x_wconf 89' lang='grc' dir='ltr'>Η,8</span> <span class='ocrx_word' id='word_1_263' title='bbox 1046 3713 1210 3779; x_wconf 83' lang='lat' dir='ltr'>fuliginibus</span> <span class='ocrx_word' id='word_1_264' title='bbox 1222 3716 1253 3763; x_wconf 98' lang='lat' dir='ltr'><em>H</em></span> <span class='ocrx_word' id='word_1_265' title='bbox 1261 3714 1329 3778; x_wconf 65' lang='grc' dir='ltr'>(ΜΗ</span> <span class='ocrx_word' id='word_1_266' title='bbox 1350 3714 1504 3784; x_wconf 86' lang='lat' dir='ltr'>fulginibus</span> 
     </span>
     <span class='ocr_line' id='line_1_31' title="bbox 365 3791 1503 3863; baseline 0.002 -19"><span class='ocrx_word' id='word_1_267' title='bbox 365 3791 442 3857; x_wconf 78' lang='lat' dir='ltr'>H(et</span> <span class='ocrx_word' id='word_1_268' title='bbox 458 3801 519 3845; x_wconf 83' lang='lat' dir='ltr'>aste</span> <span class='ocrx_word' id='word_1_269' title='bbox 536 3808 605 3848; x_wconf 81' lang='lat' dir='ltr'>corr.</span> <span class='ocrx_word' id='word_1_270' title='bbox 621 3795 658 3859; x_wconf 85' lang='lat' dir='ltr'>c).</span> <span class='ocrx_word' id='word_1_271' title='bbox 680 3792 693 3862; x_wconf 92' lang='grc' dir='ltr'>Η</span> <span class='ocrx_word' id='word_1_272' title='bbox 716 3799 731 3846; x_wconf 87' lang='grc'>9</span> <span class='ocrx_word' id='word_1_273' title='bbox 750 3794 902 3861; x_wconf 76' lang='lat' dir='ltr'>extraffilto</span> <span class='ocrx_word' id='word_1_274' title='bbox 921 3805 980 3846; x_wconf 81' lang='lat' dir='ltr'>ante</span> <span class='ocrx_word' id='word_1_275' title='bbox 997 3812 1067 3848; x_wconf 86' lang='lat' dir='ltr'>corr.</span> <span class='ocrx_word' id='word_1_276' title='bbox 1086 3799 1122 3846; x_wconf 92' lang='lat' dir='ltr'>H.</span> <span class='ocrx_word' id='word_1_277' title='bbox 1147 3794 1159 3863; x_wconf 95' lang='grc' dir='ltr'>Η</span> <span class='ocrx_word' id='word_1_278' title='bbox 1182 3800 1215 3848; x_wconf 81' lang='lat' dir='ltr'>tc</span> <span class='ocrx_word' id='word_1_279' title='bbox 1231 3797 1343 3848; x_wconf 85' lang='lat' dir='ltr'>silaceis</span> <span class='ocrx_word' id='word_1_280' title='bbox 1360 3800 1432 3850; x_wconf 71' lang='lat' dir='ltr'>doc:</span> <span class='ocrx_word' id='word_1_281' title='bbox 1456 3796 1503 3848; x_wconf 91' lang='lat' dir='ltr'>sil·</span> 
     </span>
     <span class='ocr_line' id='line_1_32' title="bbox 363 3877 1501 3946; baseline 0 -17"><span class='ocrx_word' id='word_1_282' title='bbox 363 3878 421 3929; x_wconf 83' lang='lat' dir='ltr'>esis</span> <span class='ocrx_word' id='word_1_283' title='bbox 440 3878 471 3938; x_wconf 74' lang='lat' dir='ltr'>G,</span> <span class='ocrx_word' id='word_1_284' title='bbox 490 3878 602 3930; x_wconf 78' lang='lat' dir='ltr'>silaceis</span> <span class='ocrx_word' id='word_1_285' title='bbox 619 3881 647 3929; x_wconf 91' lang='lat' dir='ltr'><em>H</em></span> <span class='ocrx_word' id='word_1_286' title='bbox 665 3877 685 3943; x_wconf 86' lang='lat' dir='ltr'>(l</span> <span class='ocrx_word' id='word_1_287' title='bbox 702 3888 727 3930; x_wconf 82' lang='lat' dir='ltr'>et</span> <span class='ocrx_word' id='word_1_288' title='bbox 744 3889 803 3931; x_wconf 81' lang='lat' dir='ltr'>ante</span> <span class='ocrx_word' id='word_1_289' title='bbox 821 3897 889 3932; x_wconf 81' lang='lat' dir='ltr'>corr.</span> <span class='ocrx_word' id='word_1_290' title='bbox 909 3897 937 3943; x_wconf 87' lang='lat' dir='ltr'>c,</span> <span class='ocrx_word' id='word_1_291' title='bbox 962 3880 1068 3931; x_wconf 84' lang='lat' dir='ltr'>siliceis</span> <span class='ocrx_word' id='word_1_292' title='bbox 1089 3882 1121 3939; x_wconf 83' lang='lat' dir='ltr'>L,</span> <span class='ocrx_word' id='word_1_293' title='bbox 1145 3881 1245 3932; x_wconf 87' lang='lat' dir='ltr'>siliciis</span> <span class='ocrx_word' id='word_1_294' title='bbox 1261 3880 1325 3946; x_wconf 75' lang='lat' dir='ltr'>cco).</span> <span class='ocrx_word' id='word_1_295' title='bbox 1346 3877 1359 3946; x_wconf 96' lang='grc' dir='ltr'>Η</span> <span class='ocrx_word' id='word_1_296' title='bbox 1387 3896 1418 3931; x_wconf 88' lang='lat' dir='ltr'>se</span> <span class='ocrx_word' id='word_1_297' title='bbox 1436 3882 1501 3930; x_wconf 88' lang='lat' dir='ltr'>omi·</span> 
     </span>
     <span class='ocr_line' id='line_1_33' title="bbox 363 3961 1503 4031; baseline -0.001 -18"><span class='ocrx_word' id='word_1_298' title='bbox 363 3963 472 4014; x_wconf 81' lang='lat' dir='ltr'>uiscels</span> <span class='ocrx_word' id='word_1_299' title='bbox 489 3963 519 4012; x_wconf 88' lang='lat' dir='ltr'><em>H</em></span> <span class='ocrx_word' id='word_1_300' title='bbox 536 3961 742 4028; x_wconf 79' lang='lat' dir='ltr'>(seominiaceis</span> <span class='ocrx_word' id='word_1_301' title='bbox 759 3972 819 4015; x_wconf 84' lang='lat' dir='ltr'>ante</span> <span class='ocrx_word' id='word_1_302' title='bbox 842 3981 911 4016; x_wconf 83' lang='lat' dir='ltr'>corr.</span> <span class='ocrx_word' id='word_1_303' title='bbox 929 3964 965 4028; x_wconf 78' lang='lat' dir='ltr'>a).</span> <span class='ocrx_word' id='word_1_304' title='bbox 989 3962 1001 4031; x_wconf 95' lang='grc' dir='ltr'>Η</span> <span class='ocrx_word' id='word_1_305' title='bbox 1027 3968 1056 4014; x_wconf 84' lang='grc'>11</span> <span class='ocrx_word' id='word_1_306' title='bbox 1079 3964 1226 4030; x_wconf 75' lang='lat' dir='ltr'>Explicatis</span> <span class='ocrx_word' id='word_1_307' title='bbox 1250 3981 1361 4016; x_wconf 85' lang='lat' dir='ltr'>camera</span> <span class='ocrx_word' id='word_1_308' title='bbox 1385 3979 1453 4029; x_wconf 85' lang='lat' dir='ltr'>pura</span> <span class='ocrx_word' id='word_1_309' title='bbox 1475 3968 1503 4012; x_wconf 90' lang='lat' dir='ltr'>et</span> 
     </span>
     <span class='ocr_line' id='line_1_34' title="bbox 363 4045 1503 4116; baseline -0.001 -19"><span class='ocrx_word' id='word_1_310' title='bbox 363 4045 451 4111; x_wconf 83' lang='lat' dir='ltr'>polita</span> <span class='ocrx_word' id='word_1_311' title='bbox 468 4046 559 4098; x_wconf 71' lang='lat' dir='ltr'>Selia:</span> <span class='ocrx_word' id='word_1_312' title='bbox 579 4046 736 4114; x_wconf 82' lang='lat' dir='ltr'>explicatae</span> <span class='ocrx_word' id='word_1_313' title='bbox 755 4063 861 4100; x_wconf 85' lang='lat' dir='ltr'>camere</span> <span class='ocrx_word' id='word_1_314' title='bbox 874 4065 960 4116; x_wconf 82' lang='lat' dir='ltr'>purae</span> <span class='ocrx_word' id='word_1_315' title='bbox 973 4049 1079 4114; x_wconf 86' lang='lat' dir='ltr'>politas</span> <span class='ocrx_word' id='word_1_316' title='bbox 1092 4048 1127 4109; x_wconf 88' lang='lat' dir='ltr'>H,</span> <span class='ocrx_word' id='word_1_317' title='bbox 1147 4048 1285 4114; x_wconf 79' lang='lat' dir='ltr'>explicate</span> <span class='ocrx_word' id='word_1_318' title='bbox 1298 4063 1406 4114; x_wconf 71' lang='lat' dir='ltr'>camere</span> <span class='ocrx_word' id='word_1_319' title='bbox 1422 4059 1503 4112; x_wconf 85' lang='lat' dir='ltr'>pure·</span> 
     </span>
     <span class='ocr_line' id='line_1_35' title="bbox 364 4127 1500 4198; baseline 0 -18"><span class='ocrx_word' id='word_1_320' title='bbox 364 4129 448 4197; x_wconf 70' lang='lat' dir='ltr'>polite</span> <span class='ocrx_word' id='word_1_321' title='bbox 468 4131 498 4184; x_wconf 78' lang='lat' dir='ltr'>H.</span> <span class='ocrx_word' id='word_1_322' title='bbox 521 4127 535 4198; x_wconf 93' lang='grc' dir='ltr'>Η</span> <span class='ocrx_word' id='word_1_323' title='bbox 556 4133 596 4182; x_wconf 74' lang='lat' dir='ltr'>lt·</span> <span class='ocrx_word' id='word_1_324' title='bbox 606 4133 631 4183; x_wconf 92' lang='lat' dir='ltr'>si</span> <span class='ocrx_word' id='word_1_325' title='bbox 654 4134 712 4197; x_wconf 90' lang='lat' dir='ltr'>qui:</span> <span class='ocrx_word' id='word_1_326' title='bbox 738 4135 776 4183; x_wconf 84' lang='lat' dir='ltr'>sic</span> <span class='ocrx_word' id='word_1_327' title='bbox 795 4134 853 4184; x_wconf 79' lang='lat' dir='ltr'>GH.</span> <span class='ocrx_word' id='word_1_328' title='bbox 876 4129 889 4198; x_wconf 95' lang='grc' dir='ltr'>Η</span> <span class='ocrx_word' id='word_1_329' title='bbox 912 4136 944 4184; x_wconf 83' lang='lat'>13</span> <span class='ocrx_word' id='word_1_330' title='bbox 966 4135 1044 4184; x_wconf 90' lang='lat' dir='ltr'>utilis</span> <span class='ocrx_word' id='word_1_331' title='bbox 1067 4149 1130 4198; x_wconf 82' lang='lat' dir='ltr'>app.</span> <span class='ocrx_word' id='word_1_332' title='bbox 1152 4133 1241 4183; x_wconf 71' lang='lat' dir='ltr'>Selia:</span> <span class='ocrx_word' id='word_1_333' title='bbox 1271 4130 1348 4181; x_wconf 87' lang='lat' dir='ltr'>utilis</span> <span class='ocrx_word' id='word_1_334' title='bbox 1371 4136 1415 4182; x_wconf 90' lang='lat' dir='ltr'>est</span> <span class='ocrx_word' id='word_1_335' title='bbox 1436 4144 1500 4196; x_wconf 82' lang='lat' dir='ltr'>app.</span> 
     </span>
     <span class='ocr_line' id='line_1_36' title="bbox 365 4210 1501 4287; baseline 0 -23"><span class='ocrx_word' id='word_1_336' title='bbox 365 4215 423 4264; x_wconf 81' lang='lat' dir='ltr'>GH.</span> <span class='ocrx_word' id='word_1_337' title='bbox 447 4210 460 4281; x_wconf 93' lang='grc' dir='ltr'>Η</span> <span class='ocrx_word' id='word_1_338' title='bbox 484 4217 516 4265; x_wconf 79' lang='grc'>14</span> <span class='ocrx_word' id='word_1_339' title='bbox 532 4216 608 4266; x_wconf 77' lang='lat' dir='ltr'>infra</span> <span class='ocrx_word' id='word_1_340' title='bbox 625 4217 715 4267; x_wconf 79' lang='lat' dir='ltr'>Saba:</span> <span class='ocrx_word' id='word_1_341' title='bbox 735 4218 810 4266; x_wconf 80' lang='lat' dir='ltr'>intra</span> <span class='ocrx_word' id='word_1_342' title='bbox 829 4218 887 4268; x_wconf 81' lang='lat' dir='ltr'>GH.</span> <span class='ocrx_word' id='word_1_343' title='bbox 911 4213 923 4280; x_wconf 90' lang='grc' dir='ltr'>Η</span> <span class='ocrx_word' id='word_1_344' title='bbox 946 4218 1064 4268; x_wconf 88' lang='lat' dir='ltr'>triclinii</span> <span class='ocrx_word' id='word_1_345' title='bbox 1078 4219 1115 4287; x_wconf 72' lang='lat' dir='ltr'>G,v</span> <span class='ocrx_word' id='word_1_346' title='bbox 1130 4215 1236 4267; x_wconf 88' lang='lat' dir='ltr'>triclini</span> <span class='ocrx_word' id='word_1_347' title='bbox 1254 4218 1282 4265; x_wconf 90' lang='lat' dir='ltr'><em>H</em></span> <span class='ocrx_word' id='word_1_348' title='bbox 1301 4213 1381 4281; x_wconf 75' lang='lat' dir='ltr'>(aa).</span> <span class='ocrx_word' id='word_1_349' title='bbox 1403 4212 1416 4282; x_wconf 94' lang='grc' dir='ltr'>Η</span> <span class='ocrx_word' id='word_1_350' title='bbox 1439 4215 1501 4265; x_wconf 72' lang='lat' dir='ltr'>elti-</span> 
     </span>
     <span class='ocr_line' id='line_1_37' title="bbox 363 4297 1502 4367; baseline 0.002 -19"><span class='ocrx_word' id='word_1_351' title='bbox 363 4297 463 4349; x_wconf 86' lang='lat' dir='ltr'>tudine</span> <span class='ocrx_word' id='word_1_352' title='bbox 477 4314 537 4364; x_wconf 76' lang='lat' dir='ltr'>eoc:</span> <span class='ocrx_word' id='word_1_353' title='bbox 557 4299 675 4352; x_wconf 81' lang='lat' dir='ltr'>altitudo</span> <span class='ocrx_word' id='word_1_354' title='bbox 695 4302 753 4352; x_wconf 80' lang='lat' dir='ltr'>GH.</span> <span class='ocrx_word' id='word_1_355' title='bbox 776 4297 788 4367; x_wconf 95' lang='grc' dir='ltr'>Η</span> <span class='ocrx_word' id='word_1_356' title='bbox 812 4302 844 4350; x_wconf 83' lang='grc'>15</span> <span class='ocrx_word' id='word_1_357' title='bbox 861 4302 1015 4351; x_wconf 78' lang='lat' dir='ltr'>festucato:</span> <span class='ocrx_word' id='word_1_358' title='bbox 1036 4304 1074 4351; x_wconf 78' lang='lat' dir='ltr'>sio</span> <span class='ocrx_word' id='word_1_359' title='bbox 1092 4300 1152 4355; x_wconf 79' lang='lat' dir='ltr'>GH.</span> <span class='ocrx_word' id='word_1_360' title='bbox 1175 4298 1187 4367; x_wconf 91' lang='grc' dir='ltr'>Η</span> <span class='ocrx_word' id='word_1_361' title='bbox 1211 4303 1242 4350; x_wconf 86' lang='grc'>16</span> <span class='ocrx_word' id='word_1_362' title='bbox 1265 4301 1432 4365; x_wconf 82' lang='lat' dir='ltr'>fastigatum</span> <span class='ocrx_word' id='word_1_363' title='bbox 1451 4300 1502 4351; x_wconf 79' lang='lat' dir='ltr'>GH</span> 
     </span>
     <span class='ocr_line' id='line_1_38' title="bbox 364 4382 1502 4451; baseline 0.002 -19"><span class='ocrx_word' id='word_1_364' title='bbox 364 4382 405 4445; x_wconf 81' lang='lat' dir='ltr'>(lc,</span> <span class='ocrx_word' id='word_1_365' title='bbox 424 4383 660 4449; x_wconf 64' lang='lat' dir='ltr'>fastigiatum‘h).</span> <span class='ocrx_word' id='word_1_366' title='bbox 682 4382 695 4451; x_wconf 95' lang='grc' dir='ltr'>Η</span> <span class='ocrx_word' id='word_1_367' title='bbox 716 4385 855 4435; x_wconf 84' lang='lat' dir='ltr'>iucaualis</span> <span class='ocrx_word' id='word_1_368' title='bbox 873 4390 932 4434; x_wconf 81' lang='lat' dir='ltr'>ante</span> <span class='ocrx_word' id='word_1_369' title='bbox 950 4401 1018 4437; x_wconf 83' lang='lat' dir='ltr'>corr.</span> <span class='ocrx_word' id='word_1_370' title='bbox 1039 4386 1068 4437; x_wconf 82' lang='lat' dir='ltr'>G.</span> <span class='ocrx_word' id='word_1_371' title='bbox 1096 4382 1109 4450; x_wconf 95' lang='grc' dir='ltr'>Η</span> <span class='ocrx_word' id='word_1_372' title='bbox 1136 4387 1166 4435; x_wconf 78' lang='grc'>17</span> <span class='ocrx_word' id='word_1_373' title='bbox 1186 4385 1289 4435; x_wconf 84' lang='lat' dir='ltr'>habeat</span> <span class='ocrx_word' id='word_1_374' title='bbox 1306 4386 1359 4438; x_wconf 62' lang='lat' dir='ltr'>eda</span> <span class='ocrx_word' id='word_1_375' title='bbox 1378 4385 1502 4435; x_wconf 83' lang='lat' dir='ltr'>habeant</span> 
     </span>
     <span class='ocr_line' id='line_1_39' title="bbox 365 4463 1499 4534; baseline 0.002 -18"><span class='ocrx_word' id='word_1_376' title='bbox 365 4466 423 4516; x_wconf 78' lang='lat' dir='ltr'>GH.</span> <span class='ocrx_word' id='word_1_377' title='bbox 451 4463 464 4534; x_wconf 93' lang='grc' dir='ltr'>Η</span> <span class='ocrx_word' id='word_1_378' title='bbox 492 4470 525 4520; x_wconf 85' lang='grc'>18</span> <span class='ocrx_word' id='word_1_379' title='bbox 546 4469 696 4521; x_wconf 88' lang='lat' dir='ltr'>esabuloue</span> <span class='ocrx_word' id='word_1_380' title='bbox 721 4469 755 4520; x_wconf 79' lang='lat'>0:</span> <span class='ocrx_word' id='word_1_381' title='bbox 788 4474 816 4519; x_wconf 88' lang='lat' dir='ltr'>et</span> <span class='ocrx_word' id='word_1_382' title='bbox 836 4467 969 4520; x_wconf 89' lang='lat' dir='ltr'>sabulone</span> <span class='ocrx_word' id='word_1_383' title='bbox 992 4471 1020 4517; x_wconf 94' lang='lat' dir='ltr'><em>H</em></span> <span class='ocrx_word' id='word_1_384' title='bbox 1042 4467 1123 4534; x_wconf 85' lang='lat' dir='ltr'>(Lls).</span> <span class='ocrx_word' id='word_1_385' title='bbox 1147 4465 1160 4534; x_wconf 95' lang='grc' dir='ltr'>Η</span> <span class='ocrx_word' id='word_1_386' title='bbox 1186 4472 1217 4519; x_wconf 85' lang='grc'>19</span> <span class='ocrx_word' id='word_1_387' title='bbox 1239 4468 1362 4520; x_wconf 82' lang='lat' dir='ltr'>libellam</span> <span class='ocrx_word' id='word_1_388' title='bbox 1383 4484 1499 4520; x_wconf 85' lang='lat' dir='ltr'>summo:</span> 
     </span>
     <span class='ocr_line' id='line_1_40' title="bbox 361 4550 1501 4620; baseline 0.004 -20"><span class='ocrx_word' id='word_1_389' title='bbox 361 4553 399 4601; x_wconf 79' lang='lat' dir='ltr'>tio</span> <span class='ocrx_word' id='word_1_390' title='bbox 418 4552 470 4603; x_wconf 82' lang='lat' dir='ltr'>GH</span> <span class='ocrx_word' id='word_1_391' title='bbox 488 4553 534 4617; x_wconf 75' lang='lat' dir='ltr'>(cf.</span> <span class='ocrx_word' id='word_1_392' title='bbox 551 4551 635 4618; x_wconf 71' lang='lat' dir='ltr'>epit).</span> <span class='ocrx_word' id='word_1_393' title='bbox 652 4550 666 4620; x_wconf 95' lang='grc' dir='ltr'>Η</span> <span class='ocrx_word' id='word_1_394' title='bbox 679 4557 710 4605; x_wconf 78' lang='lat'>21</span> <span class='ocrx_word' id='word_1_395' title='bbox 730 4553 886 4619; x_wconf 84' lang='lat' dir='ltr'>pytismatis</span> <span class='ocrx_word' id='word_1_396' title='bbox 903 4551 981 4604; x_wconf 81' lang='lat' dir='ltr'>Sola.</span> <span class='ocrx_word' id='word_1_397' title='bbox 994 4551 1111 4617; x_wconf 81' lang='lat' dir='ltr'>(Voss.):</span> <span class='ocrx_word' id='word_1_398' title='bbox 1129 4553 1301 4618; x_wconf 84' lang='lat' dir='ltr'>sputismatis</span> <span class='ocrx_word' id='word_1_399' title='bbox 1320 4552 1379 4604; x_wconf 82' lang='lat' dir='ltr'>GH.</span> <span class='ocrx_word' id='word_1_400' title='bbox 1392 4551 1404 4620; x_wconf 91' lang='grc' dir='ltr'>Η</span> <span class='ocrx_word' id='word_1_401' title='bbox 1416 4554 1501 4604; x_wconf 81' lang='lat' dir='ltr'>effun-</span> 
     </span>
     <span class='ocr_line' id='line_1_41' title="bbox 364 4634 1502 4705; baseline 0.004 -21"><span class='ocrx_word' id='word_1_402' title='bbox 364 4634 437 4686; x_wconf 83' lang='lat' dir='ltr'>ditur</span> <span class='ocrx_word' id='word_1_403' title='bbox 453 4638 524 4688; x_wconf 84' lang='lat' dir='ltr'>Joe.:</span> <span class='ocrx_word' id='word_1_404' title='bbox 542 4636 657 4688; x_wconf 82' lang='lat' dir='ltr'>-detur</span> <span class='ocrx_word' id='word_1_405' title='bbox 675 4639 733 4689; x_wconf 74' lang='lat' dir='ltr'>GH.</span> <span class='ocrx_word' id='word_1_406' title='bbox 757 4635 770 4704; x_wconf 94' lang='grc' dir='ltr'>Η</span> <span class='ocrx_word' id='word_1_407' title='bbox 791 4640 824 4688; x_wconf 73' lang='lat'>22</span> <span class='ocrx_word' id='word_1_408' title='bbox 842 4635 971 4688; x_wconf 86' lang='lat' dir='ltr'>siccescit</span> <span class='ocrx_word' id='word_1_409' title='bbox 988 4637 1018 4686; x_wconf 91' lang='lat' dir='ltr'><em>H</em></span> <span class='ocrx_word' id='word_1_410' title='bbox 1035 4635 1094 4704; x_wconf 80' lang='lat' dir='ltr'>(is):</span> <span class='ocrx_word' id='word_1_411' title='bbox 1112 4638 1241 4690; x_wconf 88' lang='lat' dir='ltr'>siccessit</span> <span class='ocrx_word' id='word_1_412' title='bbox 1254 4638 1275 4690; x_wconf 79' lang='lat' dir='ltr'><em>G</em></span> <span class='ocrx_word' id='word_1_413' title='bbox 1288 4636 1343 4703; x_wconf 82' lang='lat' dir='ltr'><em>(L).</em></span> <span class='ocrx_word' id='word_1_414' title='bbox 1368 4637 1380 4705; x_wconf 96' lang='grc' dir='ltr'>Η</span> <span class='ocrx_word' id='word_1_415' title='bbox 1402 4642 1436 4691; x_wconf 75' lang='grc'>24</span> <span class='ocrx_word' id='word_1_416' title='bbox 1453 4652 1502 4704; x_wconf 87' lang='lat' dir='ltr'>pa·</span> 
     </span>
     <span class='ocr_line' id='line_1_42' title="bbox 363 4721 698 4777; baseline 0.006 -7"><span class='ocrx_word' id='word_1_417' title='bbox 363 4721 484 4773; x_wconf 74' lang='lat' dir='ltr'>cimento</span> <span class='ocrx_word' id='word_1_418' title='bbox 502 4727 561 4773; x_wconf 81' lang='lat' dir='ltr'>ante</span> <span class='ocrx_word' id='word_1_419' title='bbox 579 4737 650 4777; x_wconf 86' lang='lat' dir='ltr'>corr.</span> <span class='ocrx_word' id='word_1_420' title='bbox 669 4723 698 4773; x_wconf 77' lang='lat' dir='ltr'>G.</span> 
     </span>
    </p>
   </div>
   <div class='ocr_carea' id='block_1_5' title="bbox 0 0 1896 5625">
    <p class='ocr_par' dir='ltr' id='par_1_5' title="bbox 0 0 1896 5625">
     <span class='ocr_line' id='line_1_43' title="bbox 0 0 1896 5625; baseline 0 0"><span class='ocrx_word' id='word_1_421' title='bbox 0 0 1896 5625; x_wconf 95' lang='lat' dir='ltr'> </span> 
     </span>
    </p>
   </div>
  </div>
 </body>
</html>
