3784 5625
376 648 436 710 198
864 658 1021 705 vrrnuvu

374 816 426 879 nis
448 816 482 878 in
504 812 616 876 ferulis
640 812 725 875 laser
746 820 950 892 nasceretur,
974 810 1032 875 sed
1054 812 1089 875 in
1109 810 1196 873 omni
1218 818 1306 873 terra
1328 810 1522 894 regionibus

375 917 489 981 codem
515 936 634 999 genere
661 915 770 978 omnia
800 923 1059 999 procrearentur.
1114 912 1174 975 has
1201 920 1312 975 autem
1342 913 1523 975 varietates

375 1016 564 1102 regionibus
588 1024 620 1081 et
641 1015 721 1079 locis
744 1014 912 1080 inclinatio
927 1014 1043 1078 mundi
1065 1023 1098 1077 et
1119 1012 1197 1078 solis
1219 1014 1362 1099 impetus
1383 1014 1524 1098 propius

374 1130 431 1184 aut
459 1118 588 1203 longius
617 1139 747 1181 cursum
776 1115 927 1181 iaciendo
960 1115 1041 1180 tales
1069 1114 1171 1179 efficit
1200 1123 1306 1178 terrae
1333 1116 1524 1199 umorisque

342 1220 542 1307 equalitate,
587 1240 647 1281 nec
669 1217 774 1282 solum
796 1220 831 1281 in
852 1218 904 1282 his
927 1218 1024 1281 robus
1041 1215 1100 1280 sed
1122 1217 1220 1280 etiam
1243 1218 1278 1280 in
1299 1216 1474 1303 pecoribus
1492 1225 1525 1279 et

375 1322 531 1387 armentis
553 1320 633 1383 haec
654 1342 719 1384 non
742 1321 788 1383 ita
810 1318 962 1383 similiter
977 1317 1195 1401 efficerentur,
1218 1318 1283 1381 nisi
1304 1319 1524 1404 proprietates

377 1422 578 1507 singularum
600 1431 761 1485 terrarum
788 1422 822 1484 in
850 1419 1026 1505 generibus
1049 1420 1091 1483 ad
1118 1419 1196 1483 solis
1223 1429 1420 1506 potestatem
1442 1429 1523 1483 tem-

376 1533 575 1613 perarentur.
625 1531 701 1587 sunt
729 1523 814 1585 enim
837 1522 974 1587 Boeotia
999 1520 1134 1584 flumina
1156 1520 1316 1607 Cephisos
1346 1531 1378 1584 et
1405 1519 1571 1603 Melas714

376 1625 524 1689 Lucania
546 1623 688 1706 Crathis,
711 1623 810 1687 Troia
832 1622 984 1687 Xanthus
1007 1624 1105 1708 inque
1127 1623 1215 1706 agris
1239 1622 1523 1687 Clazomeniorum

329 1743 359 1791 10
378 1735 410 1790 et
437 1724 694 1811 Erythraeorum
723 1734 754 1787 ct
780 1723 1033 1789 Laodicensium
1066 1725 1184 1788 fontes.
1238 1723 1281 1788 ad
1310 1746 1349 1787 ea
1375 1723 1522 1804 flumina,

378 1850 452 1891 eum
474 1849 592 1913 pecora
613 1827 681 1890 suis
704 1826 905 1913 temporibus
928 1827 1006 1890 anni
1033 1835 1190 1913 parantur
1211 1825 1253 1889 ad
1277 1826 1522 1912 conceptionem

378 1937 506 2016 partus,
537 1950 596 2015 per
623 1926 658 1992 id
685 1935 812 2013 tempus
840 1929 1018 2013 adiguntur
1045 1927 1165 1992 cotidie
1192 1937 1322 2015 potum,
1352 1951 1395 1991 ex
1423 1949 1524 2016 eoque

379 2031 528 2116 quamvis
551 2031 617 2093 sint
637 2029 712 2092 alba
734 2040 905 2116 procreant
928 2029 1002 2094 aliis
1025 2028 1107 2094 locis
1128 2028 1326 2117 leucophaea
1346 2029 1421 2093 aliis
1444 2030 1523 2096 locis

379 2131 467 2218 pulla
489 2130 563 2195 aliis
587 2132 736 2196 coracino
759 2131 874 2196 colore.
920 2133 967 2195 ita
989 2132 1170 2218 proprietas
1193 2130 1329 2216 liquoris
1352 2154 1426 2196 cum
1450 2133 1525 2196 iniit

330 2250 361 2299 15
379 2236 414 2298 in
436 2256 563 2320 eorpus,
586 2234 785 2321 proseminat
807 2234 981 2297 intinctam
1003 2235 1054 2297 sui
1083 2233 1240 2318 cuiusque
1267 2236 1398 2318 generis
1422 2234 1523 2319 quali·

379 2345 489 2399 tatem.
535 2336 635 2420 igitur
657 2334 744 2421 quod
772 2336 807 2399 in
829 2338 952 2421 campis
975 2334 1126 2398 Troianis
1154 2336 1303 2420 proxime
1330 2334 1453 2399 flumen
1475 2358 1523 2399 ar·

379 2446 489 2501 menta
509 2436 583 2500 rufa
606 2447 637 2500 et
659 2458 776 2522 peoora
801 2435 1000 2524 leucophaea
1021 2446 1215 2518 nascuntur,
1244 2436 1319 2501 ideo
1342 2436 1377 2500 id
1405 2437 1524 2501 flumen

380 2538 517 2602 ilienses
540 2537 710 2602 Xanthum
733 2538 951 2624 appellavisse
973 2538 1136 2603 dicuntur.
1208 2587 1234 2611 .-

465 2639 640 2725 Etiamque
662 2641 874 2703 inveniuntur
888 2662 992 2726 aquae
1013 2662 1134 2724 genera
1155 2641 1339 2723 mortifera,
1364 2664 1446 2727 quae
1468 2664 1524 2729 per
1541 2652 1566 2699 15

331 2757 363 2804 ‘20
381 2739 563 2803 maleficum
596 2762 709 2803 sucum
743 2749 847 2804 terrae
879 2743 1103 2829 percurrentia
1135 2744 1297 2830 recipiunt
1328 2744 1364 2805 in
1394 2765 1430 2805 se
1458 2744 1523 2807 vim

451 2932 464 2976 1
483 2930 513 2978 in
531 2930 605 2979 omni
622 2933 696 2979 terra
714 2931 886 2995 regionibus:
904 2933 942 2980 sic
959 2931 1037 2982 ΕΕΗ
1056 2930 1081 2994 (c
1099 2939 1124 2981 et
1141 2940 1201 2982 ante
1213 2948 1282 2984 corr.
1301 2932 1333 2990 L,
1351 2945 1365 2980 r
1381 2931 1452 2981 locis
1464 2934 1521 2982 add.

382 3030 446 3063 1111111
462 3015 479 3072 l,
498 3014 526 3062 in
545 3014 669 3064 omnibns
687 3019 778 3064 terrae
792 3017 951 3080 regionibus
970 3016 1027 3078 Le),
1050 3011 1062 3081 l]
1085 3019 1100 3065 2
1120 3016 1214 3066 eodem
1227 3031 1329 3082 genere
1349 3016 1410 3066 EG:
1432 3017 1522 3067 codem

382 3114 486 3164 genera
509 3100 538 3147 H
560 3099 593 3161 (lo
616 3106 641 3147 et
659 3106 718 3149 ante
741 3116 810 3152 corr.
833 3102 869 3158 L,
900 3100 997 3149 eadem
1021 3115 1125 3164 genera
1151 3100 1209 3162 Le),
1231 3095 1243 3167 ll
1264 3103 1280 3150 3
1303 3101 1415 3166 propius
1437 3101 1521 3151 E⁶G02

382 3183 506 3248 proprius
523 3183 604 3234 ΕΕΗ
620 3182 700 3248 (Lle).
721 3180 733 3250 ΙΙ
755 3185 772 3232 4
791 3187 839 3232 aut
856 3183 894 3232 E:
918 3187 949 3232 ut
968 3184 1019 3233 GH
1037 3183 1116 3248 (Lle).
1140 3180 1151 3250 ΙΙ
1175 3184 1304 3234 faciendo
1324 3185 1409 3235 ΕΕΗ
1425 3185 1466 3248 (L,
1484 3187 1522 3235 fa-

383 3267 481 3317 ciundo
500 3268 543 3331 lc).
569 3264 581 3334 ΙΙ
607 3269 763 3333 umorisque
782 3266 997 3332 qualitateepo:
1016 3283 1124 3318 umores
1135 3306 1140 3318 .
1152 3268 1376 3333 quoequalitates
1393 3271 1435 3330 H,
1452 3286 1522 3320 umo-

382 3366 435 3402 res.
462 3351 521 3416 ρας
540 3351 690 3414 qualitates
709 3352 764 3402 EG.
788 3347 799 3417 ll
823 3353 989 3401 (lamentis
1002 3391 1008 3403 .
1022 3353 1101 3402 Haec
1126 3349 1198 3417 (haec
1221 3352 1258 3412 Ε,
1282 3352 1333 3418 hcc
1353 3353 1386 3415 G)
1409 3371 1464 3405 non
1485 3359 1522 3404 ita

383 3434 468 3483 EGH.
492 3430 504 3499 ll
528 3437 542 3483 7
560 3437 590 3484 in
608 3436 756 3500 generibus
773 3436 806 3484 H
821 3434 887 3499 (Lle,
905 3436 940 3498 ef.
960 3453 987 3500 p.
999 3438 1059 3495 204,
1080 3435 1107 3498 3)
1115 3422 1129 3484 τ’
1139 3436 1169 3484 in
1187 3436 1347 3502 regionibns
1364 3438 1422 3492 EG.
1446 3436 1458 3506 ΙΙ
1480 3455 1522 3504 po·

383 3522 514 3567 testatem
533 3522 697 3582 pararentur
714 3519 746 3567 H
761 3519 797 3580 (et
814 3527 873 3569 ante
892 3536 960 3570 corr.
979 3519 1024 3580 L),
1042 3524 1210 3585 potestatem
1222 3525 1388 3585 pararentur
1404 3523 1454 3573 EG
1472 3521 1522 3588 (lc),

383 3603 431 3652 sed
444 3602 515 3652 G0in
528 3605 716 3652 intercolumnio
734 3604 820 3656 adeor.
838 3606 850 3652 ῑ
868 3603 898 3654 al
916 3601 1117 3670 temperarent²
1140 3604 1223 3670 (qaam
1240 3606 1371 3655 lectionem
1383 3610 1420 3658 ad
1435 3615 1522 3658 utram-

384 3702 431 3752 que
444 3689 579 3736 columnam
591 3686 743 3736 Schneideri
753 3703 844 3738 errore
862 3691 970 3739 relatam
987 3690 1094 3754 lepesin
1111 3690 1164 3738 eius
1175 3704 1260 3741 comm.
1272 3706 1299 3754 p.
1314 3693 1364 3740 117
1376 3695 1450 3743 etad
1467 3692 1522 3742 ede·

383 3775 445 3819 rent
462 3788 488 3834 p.
509 3773 567 3820 115.
592 3771 627 3834 cs.
646 3787 727 3835 supra
744 3772 936 3838 adp.197‚9).
960 3775 1040 3823 etita
1059 3777 1277 3838 temperarentur
1288 3776 1333 3825 L0.
1348 3771 1360 3841 Η
1378 3779 1395 3828 8
1413 3778 1523 3828 Boeotia

385 3854 447 3917 (...
460 3855 587 3904 Lucania
601 3893 607 3905 .
620 3892 643 3908 ,.
658 3855 752 3918 Troia)
766 3873 825 3921 epo:
845 3855 948 3920 boet(&
956 3858 988 3906 H
992 3857 1048 3920 Jiae
1058 3858 1137 3908 ΕΕΗ
1150 3858 1192 3920 (L,
1206 3859 1301 3908 boetia
1312 3859 1351 3917 ch,
1370 3859 1498 3926 polluat).
1510 3858 1520 3922 ll

383 3939 510 4004 zephisos
522 3938 556 4000 E,
569 3940 695 4004 zephiros
707 3941 736 4003 Ε,
749 3942 797 3990 sed
811 3942 845 3990 6⁶
855 3957 936 4005 supra
947 3941 1022 3990 rear
1033 3943 1205 4008 cephisos:
1214 3944 1243 3992 H
1255 3941 1309 4005 (LI,
1319 3943 1456 4009 cephysos
1468 3944 1521 4008 c).1l

383 4025 398 4073 9
411 4024 538 4073 Lucania
552 4023 630 4086 (-ae
643 4024 721 4088 Phil.)
736 4024 846 4074 Crathis
857 4024 932 4088 (ed.):
946 4025 1054 4076 lucanis
1068 4027 1173 4076 aeraria
1183 4026 1267 4077 EGH.
1284 4022 1296 4092 ll
1311 4029 1384 4095 troia
1394 4030 1522 4080 xanthus:

381 4109 420 4157 sic
441 4108 526 4158 EGH.
550 4103 562 4174 Η
585 4106 778 4171 clazo(chaao·
795 4108 1003 4174 Elmoeniorum
1026 4110 1113 4163 ΕΕΙΙ.
1144 4107 1156 4177 ΙΙ
1185 4114 1217 4162 10
1239 4112 1446 4175 erynthreorum
1467 4110 1521 4179 Ε.ῑί

384 4189 453 4241 &et
469 4190 668 4243 laodicensium
688 4193 709 4242 Ε
727 4191 787 4255 (sed
802 4196 874 4258 prius
892 4192 915 4243 dr
933 4196 982 4244 del.
1003 4195 1057 4256 60).
1074 4191 1086 4261 l}
1106 4196 1207 4248 fontes.
1232 4194 1267 4244 ad
1285 4212 1319 4245 ea
1336 4198 1450 4248 flumina
1467 4213 1523 4263 epo:

384 4276 476 4326 fontes
500 4277 648 4326 adflumina
673 4277 734 4336 GH,
758 4278 851 4328 fontes
875 4278 991 4348 fiumina
1015 4278 1047 4327 Ε.
1075 4276 1086 4345 ΙΙ
1116 4282 1147 4329 12
1171 4279 1318 4345 adiguntur
1340 4281 1366 4330 E
1384 4281 1446 4346 (L):
1470 4281 1522 4332 adi·

386 4365 482 4409 cuntur
502 4359 556 4410 ΕΗ
571 4361 613 4423 (le,
633 4361 788 4411 adiciuntur
806 4363 842 4423 h).
862 4358 874 4429 Η
896 4379 928 4412 eo
948 4363 1049 4413 cotidie
1069 4364 1153 4423 ΕΕΗ,
1172 4364 1215 4414 ubi
1230 4365 1312 4415 delevi
1328 4380 1368 4415 eo.
1389 4362 1401 4432 ΙΙ
1421 4372 1522 4432 potum:

385 4447 485 4506 potant
501 4443 547 4498 Ev.
569 4441 580 4511 ll
606 4448 637 4495 13
656 4447 781 4509 quamvis
807 4447 842 4496 E:
867 4463 921 4512 qua
943 4448 986 4498 vis
1010 4447 1063 4498 ΕΗ
1082 4449 1189 4512 (quivis
1212 4449 1274 4509 Ida,
1297 4450 1360 4518 qvis
1378 4450 1412 4513 c).
1436 4447 1448 4516 ΙΙ
1471 4451 1522 4502 len·

386 4528 491 4593 cophea
509 4529 594 4579 EGH.
611 4527 623 4595 ll
645 4533 676 4580 14
694 4532 747 4580 init
764 4532 851 4584 EGH.
868 4528 880 4598 ll
897 4534 929 4581 16
947 4533 1033 4597 igitur
1051 4532 1124 4596 quod
1142 4530 1190 4596 (qd
1209 4533 1250 4596 Ge)
1271 4533 1323 4584 GH
1340 4534 1420 4598 (Llc),
1441 4536 1523 4600 Igitur

386 4612 452 4672 quia
470 4613 494 4661 E
514 4613 558 4675 (of.
579 4616 650 4678 adp.
664 4618 720 4673 196,
739 4615 790 4677 19).
807 4611 819 4681 Η
836 4618 867 4664 17
885 4616 985 4667 flumen
1002 4617 1115 4667 ilienses
1133 4618 1195 4671 EG:
1214 4618 1314 4668 flumen
1329 4616 1334 4681 Ι
1349 4619 1482 4670 nilienses
1498 4617 1523 4668 H

388 4691 419 4755 (f.
439 4692 587 4757 nililenses
605 4698 636 4755 L,
656 4699 675 4746 f.
694 4698 828 4749 nilienses
847 4700 890 4765 le).
1245 4712 1249 4723 '
