3784 5625
573 647 621 692 DE
644 647 805 695 DIVERSIS
828 646 988 695 FABRIOIS
1012 647 1351 697 ARCHITECTONICAE.
1468 632 1532 697 309

388 801 430 864 ad
458 805 567 885 ignem
595 801 763 886 adponunt
784 809 821 863 ut
846 798 990 881 ferveat,
1019 809 1050 863 et
1073 799 1238 863 decoctam
1261 802 1296 863 in
1317 800 1450 866 linteolo
1473 825 1529 867 ex-

389 905 534 988 primunt
563 903 651 965 etin
673 902 826 965 mortario
855 922 928 963 eum
951 910 1038 964 creta
1066 910 1237 964 conterunt
1260 911 1292 964 et
1314 902 1437 965 faciunt
1459 903 1529 967 silis

387 1006 480 1068 attici
509 1002 658 1066 colorem.
704 1001 815 1065 cadem
844 1004 970 1066 ratione
996 1004 1179 1065 vaccinium
1207 1024 1280 1066 cum
1301 1002 1385 1065 laete
1406 1012 1528 1089 tempe-

386 1116 495 1168 rantes
523 1126 700 1191 purpuram
727 1102 851 1165 faciunt
875 1102 1066 1187 elegantem.
1111 1106 1254 1190 quinon
1276 1112 1413 1189 possunt
1435 1105 1529 1189 chry-

352 1206 505 1296 5socolla
534 1215 665 1293 propter
694 1206 862 1267 caritatem
889 1206 955 1287 uti,
984 1204 1085 1269 herba
1114 1226 1196 1290 quae
1222 1204 1326 1268 lutear
1348 1204 1530 1291 appellatur

386 1330 498 1371 sucum
523 1306 705 1369 caeruleum
722 1304 871 1367 inficiunt
888 1315 919 1367 et
935 1315 1069 1369 utuntur
1085 1305 1285 1393 viridissimo
1302 1305 1417 1369 colore.
1449 1306 1529 1369 haec

385 1419 492 1473 autem
520 1408 678 1489 infectiva
705 1405 918 1491 appellantur.
964 1417 1096 1491 propter
1123 1409 1265 1493 inopiam
1289 1406 1405 1470 coloris
1429 1407 1529 1471 simili

385 1511 480 1575 modo
504 1519 625 1574 cretam
641 1508 829 1571 selinusiam
845 1508 915 1569 sive
930 1505 1110 1570 anulariam
1125 1510 1211 1572 vitro
1233 1511 1419 1591 miscentes,
1442 1509 1529 1594 quod

385 1612 504 1675 Graeci
526 1628 635 1674 ισατιν
661 1619 795 1690 vocant,
826 1608 1061 1672 imitationibus
1084 1610 1232 1674 inficiunt
1254 1608 1355 1673 indici
1377 1608 1527 1674 colorem.

337 1737 366 1782 10
470 1711 634 1791 Quoniam
656 1710 698 1774 ad
721 1730 831 1773 omnes
854 1733 931 1773 usus
954 1734 1086 1774 normae
1108 1713 1190 1775 ratio
1215 1710 1378 1774 subtiliter
1393 1712 1526 1773 inventa
1539 1709 1680 1802 ΗΗΗΗΗΗῗ

384 1814 533 1895 videtur,
567 1814 636 1876 sine
665 1833 728 1898 qua
756 1809 837 1874 nihil
865 1811 991 1875 utiliter
1015 1812 1086 1875 fieri
1108 1821 1233 1899 potest,
1261 1811 1323 1875 hoc
1344 1812 1440 1876 modo
1464 1814 1526 1875 erit
1552 1814 1661 1852 lemme·

385 1914 596 2000 disponenda.
642 1922 810 1977 sumantur
831 1914 942 1999 itaque
964 1922 1030 1977 tres
1053 1914 1201 2001 regulae,
1230 1914 1276 1976 ita
1296 1922 1332 1977 ut
1355 1913 1438 1977 duae
1461 1914 1527 1978 sint
1562 1896 1655 1999 ΗΗΗΗ

383 2017 522 2102 pedibus
551 2016 637 2079 binis
669 2024 700 2077 et
728 2015 825 2078 tertia
854 2014 973 2078 habeat
995 2014 1095 2101 pedes
1119 1999 1182 2079 dub
1205 2018 1319 2078 uncias
1342 2033 1375 2077 x.
1399 2036 1455 2077 cae
1477 2036 1526 2077 re-

383 2118 479 2202 gulae
506 2116 635 2204 aequali
668 2116 887 2179 crassitudine
915 2119 1112 2203 compositae
1141 2118 1294 2179 extremis
1322 2116 1526 2178 acuminibus

336 2243 365 2289 15
383 2222 561 2303 iungantur
593 2219 723 2282 schema
754 2217 912 2282 facientes
946 2218 1079 2301 trigoni.
1124 2219 1171 2279 sic
1200 2216 1255 2279 fiet
1283 2216 1387 2301 perite
1415 2238 1526 2278 norma

384 2324 572 2405 composita.

468 2420 572 2484 Multa
595 2421 749 2504 variaque
771 2440 891 2502 genera
918 2427 993 2481 sunt
1021 2416 1276 2501 horologiorum,
1305 2416 1363 2478 sed
1386 2416 1617 2503 peleciniffl·
1648 2420 1678 2459 ⁰⁰

1553 2469 1627 2510 horolo
1645 2471 1658 2479 ''

384 2531 415 2583 et
437 2520 621 2605 hemicyclii
643 2521 747 2603 magis
770 2529 882 2605 aperta
905 2527 936 2582 et
959 2519 1124 2605 sequenda
1147 2520 1230 2581 ratio
1254 2517 1394 2580 videtur.
1438 2483 1675 2603 pelgasmdle.

1558 2616 1584 2641 ex
1599 2604 1626 2643 al.
1642 2607 1657 2645 l‘.

334 2674 335 2678 ,
383 2624 492 2684 einum
514 2624 598 2683 enim
620 2620 823 2704 horologium
845 2621 966 2684 dieitur
988 2620 1074 2706 quod
1098 2643 1140 2683 ex
1162 2619 1289 2682 duabus
1305 2618 1426 2683 tabulis
1441 2642 1524 2683 mar·
1555 2654 1591 2704 (cf,
1605 2656 1659 2695 Vp,

333 2747 365 2793 ⁶20
384 2726 501 2787 moreis
529 2724 580 2785 vel
609 2722 747 2807 lapideis
770 2724 941 2807 ‚superiore
970 2732 1063 2808 parte
1090 2721 1259 2785 latioribus
1288 2721 1441 2785 inferiore
1468 2745 1523 2786 an·
1577 2710 1596 2754 θ’
1611 2708 1638 2757 ⁸¹·

382 2825 582 2910 gustioribus
617 2826 835 2911 componitur,
870 2825 928 2888 sed
951 2825 1032 2887 haec
1053 2824 1182 2888 tabulae
1214 2823 1342 2910 aequali
1374 2846 1525 2888 mensura

383 2928 464 2990 fiunt
487 2935 518 2989 et
548 2927 654 3010 quinis
683 2925 777 2989 lineis
806 2926 940 2989 directis
971 2935 1140 3006 notantur,
1168 2935 1205 2988 ut
1226 2925 1380 3010 angulum
1403 2925 1525 2989 faciant

323 3042 324 3047 ’
384 3029 439 3114 qui
462 3022 588 3090 sextam
612 3027 722 3090 horam
746 3027 900 3111 signabit.
939 3028 1038 3089 semis
1062 3049 1138 3111 ergo
1160 3035 1235 3090 ante
1258 3029 1397 3112 primam
1420 3036 1451 3089 et
1474 3049 1523 3090 se-

383 3131 443 3192 mis
466 3138 539 3215 post
561 3128 765 3192 undecimam
792 3128 990 3216 supplebunt
1012 3147 1064 3193 XII
1086 3150 1236 3191 numeros
1258 3128 1421 3191 horarum.
1467 3126 1524 3189 sed

334 3252 365 3296 ‘25
385 3232 503 3295 iunctis
526 3229 704 3317 aequaliter
727 3240 801 3295 ante
824 3241 855 3294 et
879 3232 1022 3294 extensis
1044 3229 1178 3310 tabulis,
1202 3230 1235 3291 in
1257 3227 1376 3311 angulo
1399 3251 1523 3291 summo

384 3335 553 3411 iuncturae
581 3334 737 3396 circinum
766 3335 846 3419 figes
875 3343 906 3398 et
934 3331 1055 3418 angulo
1082 3332 1268 3418 proximum
1297 3329 1453 3393 circulum
1475 3328 1522 3392 fa-

454 3595 467 3638 1
488 3590 603 3639 decocta
621 3607 661 3654 vp.
685 3586 697 3654 Η
719 3593 734 3638 2
753 3590 883 3640 silisatici
900 3610 923 3645 υ.
946 3588 961 3657 Η
982 3595 998 3641 3
1017 3591 1113 3640 eadem
1132 3591 1266 3639 rationem
1284 3607 1298 3638 a
1316 3586 1396 3653 l-ne
1413 3587 1452 3652 p).
1472 3584 1484 3652 Η
1507 3590 1523 3636 4

383 3689 530 3737 purpuram
550 3675 603 3722 ed:
623 3688 787 3737 purporecm
804 3691 843 3737 op.
868 3669 880 3739 Η
904 3675 1060 3739 elegantem
1079 3675 1120 3722 uti
1135 3674 1139 3736 Ι
1155 3674 1257 3723 herbae
1281 3688 1350 3736 quae
1368 3691 1382 3722 υ
1401 3671 1458 3734 (om.
1478 3672 1523 3735 qui

382 3784 415 3792 -
427 3757 594 3817 caritatem).
612 3753 624 3822 Η
640 3758 746 3820 possint
762 3774 789 3819 p.
807 3755 818 3822 Η
836 3759 982 3807 crisocolla
999 3776 1025 3822 p.
1043 3755 1055 3821 Η
1071 3762 1086 3807 5
1100 3759 1189 3807 lutear
1200 3775 1231 3820 ep
1251 3757 1339 3820 (lutea
1351 3756 1523 3821 rappellatur

382 3845 419 3891 sic
430 3841 469 3905 v):
489 3841 565 3890 lutea
578 3841 605 3888 V
603 3849 636 3889 at.
651 3845 675 3898 2,
688 3841 790 3889 luteum
807 3843 873 3893 Vitr.
886 3837 898 3906 Η
910 3844 925 3891 6
938 3842 1076 3891 eerolcum
1088 3858 1129 3904 vp.
1141 3838 1153 3904 Η
1170 3844 1183 3890 'l
1197 3841 1329 3889 infectiva
1339 3857 1371 3902 p:
1390 3840 1523 3889 infectiva

382 3944 404 3975 υ.
426 3923 438 3991 Η
463 3926 569 3975 colores
587 3941 627 3988 op.
649 3920 661 3990 Η
684 3926 699 3973 8
719 3930 835 3974 cretam:
855 3930 931 3974 creta
949 3941 989 3988 op.
1010 3920 1022 3989 Η
1045 3924 1205 3973 selinusiam
1224 3925 1264 3976 ed.
1285 3921 1332 3985 (cx
1353 3922 1444 3986 Vitr.):
1467 3923 1522 3972 tor-

383 4012 448 4059 11051
471 4027 497 4066 o,
522 4009 670 4059 formatam
690 4026 718 4074 p.
739 4005 751 4074 Η
775 4006 930 4058 anulariam
954 4007 1065 4072 (Vitr·.):
1095 4006 1329 4072 angu(ov)lariam
1352 4024 1395 4071 op.
1416 4002 1429 4073 Η
1451 4008 1521 4056 vitro

384 4078 493 4158 (Vter.):
508 4093 580 4142 ultro
593 4110 633 4158 vp.
647 4089 658 4158 Η
671 4096 686 4142 9
699 4095 935 4158 graeeistaensive
948 4094 1077 4156 rationib3
1088 4110 1109 4149 v,
1122 4093 1216 4156 graeci
1228 4095 1308 4140 steen
1320 4091 1345 4140 ei
1357 4090 1520 4155 uerationib3

380 4197 399 4243 p
418 4177 523 4244 (graeci
541 4178 625 4227 isatin
642 4178 718 4230 Turn⁴
733 4180 758 4226 in
775 4179 851 4233 Vitr„
870 4177 1073 4226 imitationibus
1090 4192 1137 4239 epo
1150 4192 1186 4225 ecc
1200 4177 1289 4235 Vita).
1305 4169 1317 4239 Η
1334 4177 1365 4224 10
1378 4179 1519 4239 qnoniam:

293 4305 297 4309 .
380 4267 418 4313 sic
431 4261 514 4327 (Quo)
527 4279 568 4326 cp.
586 4258 598 4327 Η
615 4261 649 4312 ad
662 4278 709 4314 om.
722 4279 735 4312 v
748 4263 810 4324 (noa
822 4261 860 4326 p).
878 4257 891 4326 Η
908 4262 992 4311 121111
1005 4265 1046 4309 ut:
1065 4262 1102 4309 ric
1113 4277 1154 4324 op.
1172 4255 1184 4324 Η
1202 4262 1231 4309 13
1245 4258 1297 4307 dno
1310 4259 1407 4308 uncias
1419 4258 1443 4306 X
1462 4259 1519 4321 (ric)

380 4366 420 4412 up.
445 4345 456 4416 Η
478 4363 527 4396 eae
546 4363 604 4410 epo:
625 4362 658 4396 ac
675 4362 707 4409 vp
726 4344 787 4409 (pro
806 4347 859 4409 ae).
882 4341 894 4410 Η
919 4347 951 4394 14
969 4345 1211 4409 grassitudinevp.
1231 4340 1244 4408 Η
1269 4345 1300 4393 15
1318 4343 1448 4406 iugantur
1464 4359 1491 4406 p.
1506 4341 1519 4408 Η
1611 4397 1613 4399 ,

382 4449 474 4482 scema
492 4449 531 4496 op.
553 4429 566 4497 Η
585 4431 673 4495 perite
692 4446 750 4495 epo:
770 4431 825 4478 -ti
843 4447 882 4493 op.
903 4426 915 4494 Η
936 4431 967 4478 17
991 4428 1110 4494 pelecini
1133 4429 1203 4493 Mer,
1227 4429 1273 4489 (aar
1295 4425 1387 4491 Vara:
1415 4425 1520 4491 peligni

381 4534 421 4581 op.
441 4514 453 4583 Η
475 4519 506 4567 18
525 4515 652 4580 emicycli
670 4532 711 4578 op.
727 4511 740 4581 Η
756 4529 858 4578 sequen
877 4513 995 4562 claratio
1014 4512 1072 4576 (sic)
1090 4532 1112 4564 v,
1133 4510 1145 4579 Η
1169 4512 1308 4577 pelignum
1320 4527 1361 4575 vp.
1382 4507 1394 4576 Η
1418 4513 1449 4561 19
1468 4507 1519 4575 duo

382 4618 455 4651 exv.
477 4601 489 4669 Η
513 4605 544 4652 21
558 4584 629 4650 haec
647 4617 677 4664 p:
697 4600 749 4650 hae
762 4617 783 4650 v.
807 4595 818 4664 Η
841 4602 873 4648 22
892 4598 1004 4664 agulum
1022 4615 1043 4646 v.
1061 4594 1072 4662 Η
1090 4598 1179 4647 faeiat
1193 4614 1220 4661 p.
1242 4593 1253 4662 Η
1274 4596 1518 4661 resignabitur:

381 4687 503 4750 signavit
525 4703 565 4750 vp.
585 4683 597 4752 Η
619 4688 652 4735 24
669 4684 814 4740 undecima
831 4701 858 4748 p.
881 4679 897 4750 Η
916 4697 1040 4734 numeras
1058 4700 1080 4732 υ.
