<?xml version="1.0" encoding="UTF-8"?>
<!DOCTYPE html PUBLIC "-//W3C//DTD XHTML 1.0 Transitional//EN"
    "http://www.w3.org/TR/xhtml1/DTD/xhtml1-transitional.dtd">
<html xmlns="http://www.w3.org/1999/xhtml" xml:lang="en" lang="en">
 <head>
  <title>
</title>
<meta http-equiv="Content-Type" content="text/html;charset=utf-8" />
  <meta name='ocr-system' content='tesseract 3.04.00' />
  <meta name='ocr-capabilities' content='ocr_page ocr_carea ocr_par ocr_line ocrx_word'/>
</head>
<body>
  <div class='ocr_page' id='page_1' title='image "./vitruviidearchi01strgoog_0062.png"; bbox 0 0 3784 5625; ppageno 0'>
   <div class='ocr_carea' id='block_1_1' title="bbox 422 629 1070 694">
    <p class='ocr_par' dir='ltr' id='par_1_1' title="bbox 422 629 1070 694">
     <span class='ocr_line' id='line_1_1' title="bbox 422 629 1070 694; baseline -0.005 0"><span class='ocrx_word' id='word_1_1' title='bbox 422 629 465 694; x_wconf 90' lang='grc'>44</span> <span class='ocrx_word' id='word_1_2' title='bbox 912 645 1070 692; x_wconf 74' lang='grc'>1111111111</span> 
     </span>
    </p>
   </div>
   <div class='ocr_carea' id='block_1_2' title="bbox 319 797 1609 2810">
    <p class='ocr_par' dir='ltr' id='par_1_2' title="bbox 319 797 1609 2810">
     <span class='ocr_line' id='line_1_2' title="bbox 421 797 1578 886; baseline 0.001 -22"><span class='ocrx_word' id='word_1_3' title='bbox 421 809 475 865; x_wconf 88' lang='lat' dir='ltr'>tur</span> <span class='ocrx_word' id='word_1_4' title='bbox 502 798 643 886; x_wconf 90' lang='lat' dir='ltr'>quidem.</span> <span class='ocrx_word' id='word_1_5' title='bbox 692 800 795 884; x_wconf 88' lang='lat' dir='ltr'>igitur</span> <span class='ocrx_word' id='word_1_6' title='bbox 821 821 887 862; x_wconf 90' lang='lat' dir='ltr'>non</span> <span class='ocrx_word' id='word_1_7' title='bbox 914 800 950 861; x_wconf 90' lang='lat' dir='ltr'>in</span> <span class='ocrx_word' id='word_1_8' title='bbox 983 798 1132 863; x_wconf 88' lang='lat' dir='ltr'>omnibus</span> <span class='ocrx_word' id='word_1_9' title='bbox 1161 797 1241 863; x_wconf 90' lang='lat' dir='ltr'>locis</span> <span class='ocrx_word' id='word_1_10' title='bbox 1264 797 1383 885; x_wconf 86' lang='lat' dir='ltr'>quibus</span> <span class='ocrx_word' id='word_1_11' title='bbox 1406 799 1578 865; x_wconf 88' lang='lat' dir='ltr'>effervent</span> 
     </span>
     <span class='ocr_line' id='line_1_3' title="bbox 422 899 1577 987; baseline 0.002 -22"><span class='ocrx_word' id='word_1_12' title='bbox 422 923 525 987; x_wconf 87' lang='lat' dir='ltr'>aquae</span> <span class='ocrx_word' id='word_1_13' title='bbox 553 900 677 964; x_wconf 77' lang='lat' dir='ltr'>calidae</span> <span class='ocrx_word' id='word_1_14' title='bbox 704 900 809 964; x_wconf 78' lang='lat' dir='ltr'>crebri</span> <span class='ocrx_word' id='word_1_15' title='bbox 837 899 962 984; x_wconf 85' lang='lat' dir='ltr'>fontes,</span> <span class='ocrx_word' id='word_1_16' title='bbox 993 900 1124 964; x_wconf 86' lang='lat' dir='ltr'>eaedem</span> <span class='ocrx_word' id='word_1_17' title='bbox 1147 902 1406 986; x_wconf 80' lang='lat' dir='ltr'>opportunitates</span> <span class='ocrx_word' id='word_1_18' title='bbox 1428 912 1577 987; x_wconf 89' lang='lat' dir='ltr'>possunt</span> 
     </span>
     <span class='ocr_line' id='line_1_4' title="bbox 423 1001 1574 1087; baseline 0.002 -21"><span class='ocrx_word' id='word_1_19' title='bbox 423 1002 573 1067; x_wconf 86' lang='lat' dir='ltr'>similiter</span> <span class='ocrx_word' id='word_1_20' title='bbox 600 1024 805 1085; x_wconf 86' lang='lat' dir='ltr'>concurrere,</span> <span class='ocrx_word' id='word_1_21' title='bbox 835 1001 893 1066; x_wconf 91' lang='lat' dir='ltr'>sed</span> <span class='ocrx_word' id='word_1_22' title='bbox 915 1004 1024 1066; x_wconf 87' lang='lat' dir='ltr'>omnia</span> <span class='ocrx_word' id='word_1_23' title='bbox 1045 1003 1094 1066; x_wconf 91' lang='lat' dir='ltr'>uti</span> <span class='ocrx_word' id='word_1_24' title='bbox 1115 1012 1232 1066; x_wconf 88' lang='lat' dir='ltr'>natura</span> <span class='ocrx_word' id='word_1_25' title='bbox 1253 1023 1362 1065; x_wconf 89' lang='lat' dir='ltr'>rerum</span> <span class='ocrx_word' id='word_1_26' title='bbox 1384 1005 1574 1087; x_wconf 83' lang='lat' dir='ltr'>constituit,</span> 
     </span>
     <span class='ocr_line' id='line_1_5' title="bbox 420 1102 1574 1192; baseline 0.003 -24"><span class='ocrx_word' id='word_1_27' title='bbox 420 1127 486 1169; x_wconf 91' lang='lat' dir='ltr'>non</span> <span class='ocrx_word' id='word_1_28' title='bbox 511 1105 554 1168; x_wconf 89' lang='lat' dir='ltr'>ad</span> <span class='ocrx_word' id='word_1_29' title='bbox 581 1103 783 1190; x_wconf 84' lang='lat' dir='ltr'>voluptatem</span> <span class='ocrx_word' id='word_1_30' title='bbox 810 1103 977 1167; x_wconf 89' lang='lat' dir='ltr'>hominum</span> <span class='ocrx_word' id='word_1_31' title='bbox 1005 1103 1062 1167; x_wconf 90' lang='lat' dir='ltr'>sed</span> <span class='ocrx_word' id='word_1_32' title='bbox 1088 1113 1125 1168; x_wconf 93' lang='lat' dir='ltr'>ut</span> <span class='ocrx_word' id='word_1_33' title='bbox 1146 1102 1281 1168; x_wconf 89' lang='lat' dir='ltr'>fortuito</span> <span class='ocrx_word' id='word_1_34' title='bbox 1304 1103 1472 1190; x_wconf 90' lang='lat' dir='ltr'>disparata</span> <span class='ocrx_word' id='word_1_35' title='bbox 1494 1129 1574 1192; x_wconf 91' lang='lat' dir='ltr'>pro·</span> 
     </span>
     <span class='ocr_line' id='line_1_6' title="bbox 387 1205 1609 1292; baseline 0 -25"><span class='ocrx_word' id='word_1_36' title='bbox 387 1216 581 1270; x_wconf 78' lang='lat' dir='ltr'>screantur.</span> <span class='ocrx_word' id='word_1_37' title='bbox 637 1227 714 1292; x_wconf 86' lang='lat' dir='ltr'>ergo</span> <span class='ocrx_word' id='word_1_38' title='bbox 748 1205 866 1292; x_wconf 88' lang='lat' dir='ltr'>quibus</span> <span class='ocrx_word' id='word_1_39' title='bbox 900 1205 980 1270; x_wconf 92' lang='lat' dir='ltr'>locis</span> <span class='ocrx_word' id='word_1_40' title='bbox 1009 1228 1074 1270; x_wconf 92' lang='lat' dir='ltr'>non</span> <span class='ocrx_word' id='word_1_41' title='bbox 1103 1214 1179 1270; x_wconf 89' lang='lat' dir='ltr'>sunt</span> <span class='ocrx_word' id='word_1_42' title='bbox 1205 1207 1324 1270; x_wconf 83' lang='lat' dir='ltr'>terrosi</span> <span class='ocrx_word' id='word_1_43' title='bbox 1352 1216 1479 1271; x_wconf 88' lang='lat' dir='ltr'>montes</span> <span class='ocrx_word' id='word_1_44' title='bbox 1509 1208 1609 1272; x_wconf 82' lang='lat' dir='ltr'>sedo</span> 
     </span>
     <span class='ocr_line' id='line_1_7' title="bbox 419 1307 1573 1393; baseline 0.003 -22"><span class='ocrx_word' id='word_1_45' title='bbox 419 1317 551 1371; x_wconf 87' lang='lat' dir='ltr'>tenerae</span> <span class='ocrx_word' id='word_1_46' title='bbox 578 1307 749 1390; x_wconf 81' lang='lat' dir='ltr'>materiae,</span> <span class='ocrx_word' id='word_1_47' title='bbox 778 1308 864 1392; x_wconf 86' lang='lat' dir='ltr'>ignis</span> <span class='ocrx_word' id='word_1_48' title='bbox 892 1308 943 1371; x_wconf 91' lang='lat' dir='ltr'>vis</span> <span class='ocrx_word' id='word_1_49' title='bbox 966 1329 1025 1393; x_wconf 92' lang='lat' dir='ltr'>per</span> <span class='ocrx_word' id='word_1_50' title='bbox 1046 1309 1115 1370; x_wconf 90' lang='lat' dir='ltr'>eius</span> <span class='ocrx_word' id='word_1_51' title='bbox 1139 1329 1238 1372; x_wconf 86' lang='lat' dir='ltr'>venas</span> <span class='ocrx_word' id='word_1_52' title='bbox 1261 1307 1432 1392; x_wconf 82' lang='lat' dir='ltr'>egrediens</span> <span class='ocrx_word' id='word_1_53' title='bbox 1454 1309 1573 1374; x_wconf 88' lang='lat' dir='ltr'>adurit</span> 
     </span>
     <span class='ocr_line' id='line_1_8' title="bbox 421 1407 1572 1497; baseline 0.002 -23"><span class='ocrx_word' id='word_1_54' title='bbox 421 1432 502 1474; x_wconf 88' lang='lat' dir='ltr'>eam.</span> <span class='ocrx_word' id='word_1_55' title='bbox 533 1408 620 1495; x_wconf 93' lang='lat' dir='ltr'>quod</span> <span class='ocrx_word' id='word_1_56' title='bbox 635 1417 683 1473; x_wconf 88' lang='lat' dir='ltr'>est</span> <span class='ocrx_word' id='word_1_57' title='bbox 698 1407 794 1472; x_wconf 90' lang='lat' dir='ltr'>molle</span> <span class='ocrx_word' id='word_1_58' title='bbox 810 1418 842 1473; x_wconf 89' lang='lat' dir='ltr'>et</span> <span class='ocrx_word' id='word_1_59' title='bbox 856 1419 1004 1473; x_wconf 89' lang='lat' dir='ltr'>tenerum</span> <span class='ocrx_word' id='word_1_60' title='bbox 1027 1409 1150 1491; x_wconf 83' lang='lat' dir='ltr'>exurit,</span> <span class='ocrx_word' id='word_1_61' title='bbox 1174 1408 1261 1495; x_wconf 94' lang='lat' dir='ltr'>quod</span> <span class='ocrx_word' id='word_1_62' title='bbox 1282 1419 1392 1472; x_wconf 89' lang='lat' dir='ltr'>autem</span> <span class='ocrx_word' id='word_1_63' title='bbox 1412 1427 1572 1497; x_wconf 90' lang='lat' dir='ltr'>asperum</span> 
     </span>
     <span class='ocr_line' id='line_1_9' title="bbox 420 1510 1574 1598; baseline 0.002 -23"><span class='ocrx_word' id='word_1_64' title='bbox 420 1511 584 1598; x_wconf 89' lang='lat' dir='ltr'>relinquit.</span> <span class='ocrx_word' id='word_1_65' title='bbox 639 1511 749 1595; x_wconf 87' lang='lat' dir='ltr'>itaque</span> <span class='ocrx_word' id='word_1_66' title='bbox 780 1511 830 1574; x_wconf 91' lang='lat' dir='ltr'>uti</span> <span class='ocrx_word' id='word_1_67' title='bbox 858 1510 1038 1597; x_wconf 82' lang='lat' dir='ltr'>Campania</span> <span class='ocrx_word' id='word_1_68' title='bbox 1066 1521 1182 1574; x_wconf 83' lang='lat' dir='ltr'>exusta</span> <span class='ocrx_word' id='word_1_69' title='bbox 1211 1520 1298 1574; x_wconf 88' lang='lat' dir='ltr'>terra</span> <span class='ocrx_word' id='word_1_70' title='bbox 1325 1511 1426 1594; x_wconf 76' lang='lat' dir='ltr'>ninia,</span> <span class='ocrx_word' id='word_1_71' title='bbox 1456 1514 1507 1576; x_wconf 89' lang='lat' dir='ltr'>sic</span> <span class='ocrx_word' id='word_1_72' title='bbox 1533 1515 1574 1577; x_wconf 91' lang='lat' dir='ltr'>in</span> 
     </span>
     <span class='ocr_line' id='line_1_10' title="bbox 420 1611 1571 1698; baseline 0.003 -22"><span class='ocrx_word' id='word_1_73' title='bbox 420 1613 555 1677; x_wconf 84' lang='lat' dir='ltr'>Etruria</span> <span class='ocrx_word' id='word_1_74' title='bbox 570 1624 704 1677; x_wconf 84' lang='lat' dir='ltr'>excocta</span> <span class='ocrx_word' id='word_1_75' title='bbox 718 1615 855 1679; x_wconf 90' lang='lat' dir='ltr'>materia</span> <span class='ocrx_word' id='word_1_76' title='bbox 871 1613 1012 1678; x_wconf 85' lang='lat' dir='ltr'>efficitur</span> <span class='ocrx_word' id='word_1_77' title='bbox 1027 1611 1252 1676; x_wconf 81' lang='lat' dir='ltr'>carbunculus,</span> <span class='ocrx_word' id='word_1_78' title='bbox 1296 1622 1434 1698; x_wconf 88' lang='lat' dir='ltr'>utraque</span> <span class='ocrx_word' id='word_1_79' title='bbox 1455 1623 1571 1678; x_wconf 87' lang='lat' dir='ltr'>autem</span> 
     </span>
     <span class='ocr_line' id='line_1_11' title="bbox 372 1712 1572 1800; baseline 0.005 -26"><span class='ocrx_word' id='word_1_80' title='bbox 372 1726 403 1774; x_wconf 93' lang='lat'>10</span> <span class='ocrx_word' id='word_1_81' title='bbox 421 1724 497 1779; x_wconf 83' lang='lat' dir='ltr'>sunt</span> <span class='ocrx_word' id='word_1_82' title='bbox 513 1715 645 1800; x_wconf 83' lang='lat' dir='ltr'>egregia</span> <span class='ocrx_word' id='word_1_83' title='bbox 667 1716 702 1780; x_wconf 90' lang='lat' dir='ltr'>in</span> <span class='ocrx_word' id='word_1_84' title='bbox 724 1718 912 1798; x_wconf 78' lang='lat' dir='ltr'>structuris,</span> <span class='ocrx_word' id='word_1_85' title='bbox 937 1714 995 1779; x_wconf 90' lang='lat' dir='ltr'>sed</span> <span class='ocrx_word' id='word_1_86' title='bbox 1017 1714 1082 1778; x_wconf 86' lang='lat' dir='ltr'>alia</span> <span class='ocrx_word' id='word_1_87' title='bbox 1103 1716 1137 1778; x_wconf 93' lang='lat' dir='ltr'>in</span> <span class='ocrx_word' id='word_1_88' title='bbox 1160 1714 1297 1777; x_wconf 84' lang='lat' dir='ltr'>terrenis</span> <span class='ocrx_word' id='word_1_89' title='bbox 1319 1712 1479 1778; x_wconf 89' lang='lat' dir='ltr'>aedificiis</span> <span class='ocrx_word' id='word_1_90' title='bbox 1502 1715 1572 1780; x_wconf 88' lang='lat' dir='ltr'>alia</span> 
     </span>
     <span class='ocr_line' id='line_1_12' title="bbox 421 1816 1571 1882; baseline 0.003 -3"><span class='ocrx_word' id='word_1_91' title='bbox 421 1817 520 1880; x_wconf 92' lang='lat' dir='ltr'>etiam</span> <span class='ocrx_word' id='word_1_92' title='bbox 535 1818 570 1880; x_wconf 93' lang='lat' dir='ltr'>in</span> <span class='ocrx_word' id='word_1_93' title='bbox 591 1817 764 1880; x_wconf 80' lang='lat' dir='ltr'>maritimis</span> <span class='ocrx_word' id='word_1_94' title='bbox 779 1816 919 1881; x_wconf 89' lang='lat' dir='ltr'>molibus</span> <span class='ocrx_word' id='word_1_95' title='bbox 941 1816 1064 1880; x_wconf 89' lang='lat' dir='ltr'>habent</span> <span class='ocrx_word' id='word_1_96' title='bbox 1086 1817 1251 1880; x_wconf 86' lang='lat' dir='ltr'>virtutem.</span> <span class='ocrx_word' id='word_1_97' title='bbox 1297 1826 1346 1880; x_wconf 90' lang='lat' dir='ltr'>est</span> <span class='ocrx_word' id='word_1_98' title='bbox 1367 1825 1476 1880; x_wconf 88' lang='lat' dir='ltr'>autem</span> <span class='ocrx_word' id='word_1_99' title='bbox 1499 1841 1571 1882; x_wconf 90' lang='lat' dir='ltr'>ma—</span> 
     </span>
     <span class='ocr_line' id='line_1_13' title="bbox 419 1916 1573 2007; baseline 0.002 -25"><span class='ocrx_word' id='word_1_100' title='bbox 419 1919 521 1982; x_wconf 89' lang='lat' dir='ltr'>teriae</span> <span class='ocrx_word' id='word_1_101' title='bbox 543 1928 687 2005; x_wconf 89' lang='lat' dir='ltr'>potestas</span> <span class='ocrx_word' id='word_1_102' title='bbox 709 1918 837 1982; x_wconf 94' lang='lat' dir='ltr'>mollior</span> <span class='ocrx_word' id='word_1_103' title='bbox 859 1940 957 2004; x_wconf 92' lang='lat' dir='ltr'>quam</span> <span class='ocrx_word' id='word_1_104' title='bbox 977 1919 1076 2000; x_wconf 83' lang='lat' dir='ltr'>tofus,</span> <span class='ocrx_word' id='word_1_105' title='bbox 1100 1916 1235 1982; x_wconf 88' lang='lat' dir='ltr'>solidior</span> <span class='ocrx_word' id='word_1_106' title='bbox 1257 1940 1354 2005; x_wconf 89' lang='lat' dir='ltr'>quam</span> <span class='ocrx_word' id='word_1_107' title='bbox 1374 1927 1477 2001; x_wconf 83' lang='lat' dir='ltr'>terra,</span> <span class='ocrx_word' id='word_1_108' title='bbox 1504 1943 1573 2007; x_wconf 92' lang='lat' dir='ltr'>qua</span> 
     </span>
     <span class='ocr_line' id='line_1_14' title="bbox 421 2018 1571 2106; baseline 0.005 -25"><span class='ocrx_word' id='word_1_109' title='bbox 421 2021 550 2105; x_wconf 87' lang='lat' dir='ltr'>penitus</span> <span class='ocrx_word' id='word_1_110' title='bbox 579 2019 621 2083; x_wconf 88' lang='lat' dir='ltr'>ab</span> <span class='ocrx_word' id='word_1_111' title='bbox 648 2021 714 2083; x_wconf 93' lang='lat' dir='ltr'>imo</span> <span class='ocrx_word' id='word_1_112' title='bbox 743 2020 949 2083; x_wconf 88' lang='lat' dir='ltr'>vehementia</span> <span class='ocrx_word' id='word_1_113' title='bbox 976 2021 1108 2106; x_wconf 84' lang='lat' dir='ltr'>vaporis</span> <span class='ocrx_word' id='word_1_114' title='bbox 1136 2018 1269 2101; x_wconf 79' lang='lat' dir='ltr'>adusta,</span> <span class='ocrx_word' id='word_1_115' title='bbox 1298 2019 1461 2085; x_wconf 87' lang='lat' dir='ltr'>nonnullis</span> <span class='ocrx_word' id='word_1_116' title='bbox 1483 2019 1571 2087; x_wconf 89' lang='lat' dir='ltr'>locis</span> 
     </span>
     <span class='ocr_line' id='line_1_15' title="bbox 422 2120 1453 2208; baseline 0.002 -26"><span class='ocrx_word' id='word_1_117' title='bbox 422 2130 610 2207; x_wconf 90' lang='lat' dir='ltr'>procreatur</span> <span class='ocrx_word' id='word_1_118' title='bbox 631 2121 666 2184; x_wconf 92' lang='lat' dir='ltr'>id</span> <span class='ocrx_word' id='word_1_119' title='bbox 688 2143 790 2206; x_wconf 86' lang='lat' dir='ltr'>genus</span> <span class='ocrx_word' id='word_1_120' title='bbox 812 2121 953 2185; x_wconf 83' lang='lat' dir='ltr'>harenae</span> <span class='ocrx_word' id='word_1_121' title='bbox 975 2121 1063 2208; x_wconf 94' lang='lat' dir='ltr'>quod</span> <span class='ocrx_word' id='word_1_122' title='bbox 1085 2120 1207 2185; x_wconf 93' lang='lat' dir='ltr'>dicitur</span> <span class='ocrx_word' id='word_1_123' title='bbox 1228 2121 1453 2186; x_wconf 86' lang='lat' dir='ltr'>carbunculus.</span> 
     </span>
     <span class='ocr_line' id='line_1_16' title="bbox 319 2222 1608 2311; baseline 0.005 -34"><span class='ocrx_word' id='word_1_124' title='bbox 319 2238 322 2243; x_wconf 81' lang='grc'><strong>’</strong></span> <span class='ocrx_word' id='word_1_125' title='bbox 349 2228 403 2279; x_wconf 79' lang='lat' dir='ltr'>vll</span> <span class='ocrx_word' id='word_1_126' title='bbox 507 2223 558 2286; x_wconf 91' lang='lat' dir='ltr'>De</span> <span class='ocrx_word' id='word_1_127' title='bbox 580 2223 667 2287; x_wconf 88' lang='lat' dir='ltr'>calce</span> <span class='ocrx_word' id='word_1_128' title='bbox 690 2233 721 2288; x_wconf 93' lang='lat' dir='ltr'>et</span> <span class='ocrx_word' id='word_1_129' title='bbox 743 2223 863 2289; x_wconf 86' lang='lat' dir='ltr'>harena</span> <span class='ocrx_word' id='word_1_130' title='bbox 886 2223 1005 2311; x_wconf 88' lang='lat' dir='ltr'>quibus</span> <span class='ocrx_word' id='word_1_131' title='bbox 1028 2222 1241 2286; x_wconf 88' lang='lat' dir='ltr'>varietatibus</span> <span class='ocrx_word' id='word_1_132' title='bbox 1264 2224 1330 2287; x_wconf 90' lang='lat' dir='ltr'>sint</span> <span class='ocrx_word' id='word_1_133' title='bbox 1351 2231 1383 2287; x_wconf 89' lang='lat' dir='ltr'>et</span> <span class='ocrx_word' id='word_1_134' title='bbox 1405 2246 1486 2309; x_wconf 85' lang='lat' dir='ltr'>quas</span> <span class='ocrx_word' id='word_1_135' title='bbox 1510 2225 1570 2288; x_wconf 86' lang='lat' dir='ltr'>ha-</span> <span class='ocrx_word' id='word_1_136' title='bbox 1594 2238 1608 2284; x_wconf 91' lang='lat'>1</span> 
     </span>
     <span class='ocr_line' id='line_1_17' title="bbox 373 2323 1571 2414; baseline 0.002 -25"><span class='ocrx_word' id='word_1_137' title='bbox 373 2333 403 2381; x_wconf 82' lang='lat'>16</span> <span class='ocrx_word' id='word_1_138' title='bbox 421 2325 520 2389; x_wconf 87' lang='lat' dir='ltr'>beant</span> <span class='ocrx_word' id='word_1_139' title='bbox 542 2326 680 2390; x_wconf 88' lang='lat' dir='ltr'>virtutes</span> <span class='ocrx_word' id='word_1_140' title='bbox 703 2325 785 2390; x_wconf 84' lang='lat' dir='ltr'>dixi.</span> <span class='ocrx_word' id='word_1_141' title='bbox 836 2327 984 2414; x_wconf 89' lang='lat' dir='ltr'>sequitur</span> <span class='ocrx_word' id='word_1_142' title='bbox 1010 2325 1089 2388; x_wconf 91' lang='lat' dir='ltr'>ordo</span> <span class='ocrx_word' id='word_1_143' title='bbox 1118 2323 1159 2386; x_wconf 91' lang='lat' dir='ltr'>de</span> <span class='ocrx_word' id='word_1_144' title='bbox 1181 2323 1365 2410; x_wconf 87' lang='lat' dir='ltr'>lapidicinis</span> <span class='ocrx_word' id='word_1_145' title='bbox 1389 2323 1571 2411; x_wconf 83' lang='lat' dir='ltr'>explicare,</span> 
     </span>
     <span class='ocr_line' id='line_1_18' title="bbox 421 2425 1594 2514; baseline 0.003 -25"><span class='ocrx_word' id='word_1_146' title='bbox 421 2427 463 2489; x_wconf 91' lang='lat' dir='ltr'>de</span> <span class='ocrx_word' id='word_1_147' title='bbox 495 2426 613 2512; x_wconf 90' lang='lat' dir='ltr'>quibus</span> <span class='ocrx_word' id='word_1_148' title='bbox 648 2438 680 2492; x_wconf 88' lang='lat' dir='ltr'>et</span> <span class='ocrx_word' id='word_1_149' title='bbox 710 2429 867 2514; x_wconf 87' lang='lat' dir='ltr'>quadrata</span> <span class='ocrx_word' id='word_1_150' title='bbox 898 2450 979 2493; x_wconf 85' lang='lat' dir='ltr'>saxa</span> <span class='ocrx_word' id='word_1_151' title='bbox 1007 2436 1039 2491; x_wconf 95' lang='lat' dir='ltr'>et</span> <span class='ocrx_word' id='word_1_152' title='bbox 1067 2436 1307 2489; x_wconf 86' lang='lat' dir='ltr'>caementorum</span> <span class='ocrx_word' id='word_1_153' title='bbox 1339 2425 1382 2488; x_wconf 89' lang='lat' dir='ltr'>ad</span> <span class='ocrx_word' id='word_1_154' title='bbox 1414 2425 1594 2510; x_wconf 84' lang='lat' dir='ltr'>aedificia</span> 
     </span>
     <span class='ocr_line' id='line_1_19' title="bbox 422 2519 1575 2616; baseline 0.004 -26"><span class='ocrx_word' id='word_1_155' title='bbox 422 2529 609 2592; x_wconf 86' lang='lat' dir='ltr'>eximuntur</span> <span class='ocrx_word' id='word_1_156' title='bbox 636 2531 748 2615; x_wconf 86' lang='lat' dir='ltr'>copiae</span> <span class='ocrx_word' id='word_1_157' title='bbox 776 2519 808 2594; x_wconf 81' lang='lat' dir='ltr'>et</span> <span class='ocrx_word' id='word_1_158' title='bbox 835 2543 1073 2616; x_wconf 87' lang='lat' dir='ltr'>comparantur.</span> <span class='ocrx_word' id='word_1_159' title='bbox 1117 2530 1198 2591; x_wconf 90' lang='lat' dir='ltr'>haec</span> <span class='ocrx_word' id='word_1_160' title='bbox 1224 2537 1333 2591; x_wconf 90' lang='lat' dir='ltr'>autem</span> <span class='ocrx_word' id='word_1_161' title='bbox 1355 2529 1575 2594; x_wconf 87' lang='lat' dir='ltr'>inveniuntur</span> 
     </span>
     <span class='ocr_line' id='line_1_20' title="bbox 423 2628 1575 2714; baseline 0.003 -22"><span class='ocrx_word' id='word_1_162' title='bbox 423 2650 494 2692; x_wconf 89' lang='lat' dir='ltr'>esse</span> <span class='ocrx_word' id='word_1_163' title='bbox 523 2628 708 2714; x_wconf 87' lang='lat' dir='ltr'>disparibus</span> <span class='ocrx_word' id='word_1_164' title='bbox 738 2640 770 2693; x_wconf 92' lang='lat' dir='ltr'>et</span> <span class='ocrx_word' id='word_1_165' title='bbox 798 2630 1013 2695; x_wconf 88' lang='lat' dir='ltr'>dissimilibus</span> <span class='ocrx_word' id='word_1_166' title='bbox 1041 2628 1230 2694; x_wconf 83' lang='lat' dir='ltr'>virtutibus.</span> <span class='ocrx_word' id='word_1_167' title='bbox 1275 2639 1350 2693; x_wconf 91' lang='lat' dir='ltr'>sunt</span> <span class='ocrx_word' id='word_1_168' title='bbox 1373 2629 1575 2695; x_wconf 86' lang='lat' dir='ltr'>enimaliae</span> 
     </span>
     <span class='ocr_line' id='line_1_21' title="bbox 372 2727 1575 2810; baseline 0.007 -22"><span class='ocrx_word' id='word_1_169' title='bbox 372 2727 556 2810; x_wconf 73' lang='grc'>1011101100,</span> <span class='ocrx_word' id='word_1_170' title='bbox 590 2732 639 2795; x_wconf 91' lang='lat' dir='ltr'>uti</span> <span class='ocrx_word' id='word_1_171' title='bbox 672 2742 747 2795; x_wconf 87' lang='lat' dir='ltr'>srmt</span> <span class='ocrx_word' id='word_1_172' title='bbox 780 2733 866 2795; x_wconf 88' lang='lat' dir='ltr'>circa</span> <span class='ocrx_word' id='word_1_173' title='bbox 892 2732 1007 2795; x_wconf 88' lang='lat' dir='ltr'>urbem</span> <span class='ocrx_word' id='word_1_174' title='bbox 1034 2730 1165 2795; x_wconf 87' lang='lat' dir='ltr'>Rubrae</span> <span class='ocrx_word' id='word_1_175' title='bbox 1193 2729 1359 2796; x_wconf 86' lang='lat' dir='ltr'>Pallenses</span> <span class='ocrx_word' id='word_1_176' title='bbox 1388 2731 1575 2797; x_wconf 85' lang='lat' dir='ltr'>Fidenates</span> 
     </span>
    </p>
   </div>
   <div class='ocr_carea' id='block_1_3' title="bbox 371 2830 1610 3531">
    <p class='ocr_par' dir='ltr' id='par_1_3' title="bbox 371 2830 1610 3531">
     <span class='ocr_line' id='line_1_22' title="bbox 423 2830 1574 2919; baseline 0.004 -24"><span class='ocrx_word' id='word_1_177' title='bbox 423 2830 582 2914; x_wconf 78' lang='lat' dir='ltr'>Albanae,</span> <span class='ocrx_word' id='word_1_178' title='bbox 604 2831 688 2896; x_wconf 88' lang='lat' dir='ltr'>aliae</span> <span class='ocrx_word' id='word_1_179' title='bbox 709 2843 919 2919; x_wconf 82' lang='lat' dir='ltr'>temperatae,</span> <span class='ocrx_word' id='word_1_180' title='bbox 941 2837 992 2899; x_wconf 89' lang='lat' dir='ltr'>uti</span> <span class='ocrx_word' id='word_1_181' title='bbox 1006 2833 1200 2898; x_wconf 86' lang='lat' dir='ltr'>Tiburtinae</span> <span class='ocrx_word' id='word_1_182' title='bbox 1222 2835 1448 2898; x_wconf 86' lang='lat' dir='ltr'>Amiterninae</span> <span class='ocrx_word' id='word_1_183' title='bbox 1471 2834 1574 2900; x_wconf 86' lang='lat' dir='ltr'>Sora—</span> 
     </span>
     <span class='ocr_line' id='line_1_23' title="bbox 423 2934 1574 3019; baseline 0.005 -24"><span class='ocrx_word' id='word_1_184' title='bbox 423 2934 530 2996; x_wconf 87' lang='lat' dir='ltr'>ctinae</span> <span class='ocrx_word' id='word_1_185' title='bbox 553 2944 584 2997; x_wconf 93' lang='lat' dir='ltr'>ct</span> <span class='ocrx_word' id='word_1_186' title='bbox 607 2956 688 3019; x_wconf 90' lang='lat' dir='ltr'>quae</span> <span class='ocrx_word' id='word_1_187' title='bbox 709 2943 784 2998; x_wconf 91' lang='lat' dir='ltr'>sunt</span> <span class='ocrx_word' id='word_1_188' title='bbox 805 2934 857 2999; x_wconf 90' lang='lat' dir='ltr'>his</span> <span class='ocrx_word' id='word_1_189' title='bbox 879 2935 1070 3019; x_wconf 76' lang='lat' dir='ltr'>generibus,</span> <span class='ocrx_word' id='word_1_190' title='bbox 1098 2935 1271 3001; x_wconf 89' lang='lat' dir='ltr'>nonnullae</span> <span class='ocrx_word' id='word_1_191' title='bbox 1293 2936 1403 3017; x_wconf 84' lang='lat' dir='ltr'>durae,</span> <span class='ocrx_word' id='word_1_192' title='bbox 1426 2937 1477 3000; x_wconf 90' lang='lat' dir='ltr'>uti</span> <span class='ocrx_word' id='word_1_193' title='bbox 1498 2936 1574 3001; x_wconf 89' lang='lat' dir='ltr'>sili-</span> 
     </span>
     <span class='ocr_line' id='line_1_24' title="bbox 423 3036 1575 3125; baseline 0.007 -28"><span class='ocrx_word' id='word_1_194' title='bbox 423 3056 508 3098; x_wconf 90' lang='lat' dir='ltr'>ceae.</span> <span class='ocrx_word' id='word_1_195' title='bbox 552 3045 628 3100; x_wconf 91' lang='lat' dir='ltr'>sunt</span> <span class='ocrx_word' id='word_1_196' title='bbox 656 3038 753 3100; x_wconf 90' lang='lat' dir='ltr'>ctiam</span> <span class='ocrx_word' id='word_1_197' title='bbox 775 3036 839 3100; x_wconf 89' lang='lat' dir='ltr'>alia</span> <span class='ocrx_word' id='word_1_198' title='bbox 860 3059 981 3121; x_wconf 85' lang='lat' dir='ltr'>genera</span> <span class='ocrx_word' id='word_1_199' title='bbox 1002 3036 1111 3123; x_wconf 84' lang='lat' dir='ltr'>plura,</span> <span class='ocrx_word' id='word_1_200' title='bbox 1139 3040 1189 3102; x_wconf 92' lang='lat' dir='ltr'>uti</span> <span class='ocrx_word' id='word_1_201' title='bbox 1211 3040 1245 3101; x_wconf 92' lang='lat' dir='ltr'>in</span> <span class='ocrx_word' id='word_1_202' title='bbox 1268 3038 1446 3125; x_wconf 81' lang='lat' dir='ltr'>Campania</span> <span class='ocrx_word' id='word_1_203' title='bbox 1467 3039 1575 3105; x_wconf 91' lang='lat' dir='ltr'>ruber</span> 
     </span>
     <span class='ocr_line' id='line_1_25' title="bbox 424 3137 1574 3227; baseline 0.006 -29"><span class='ocrx_word' id='word_1_204' title='bbox 424 3146 456 3200; x_wconf 92' lang='lat' dir='ltr'>et</span> <span class='ocrx_word' id='word_1_205' title='bbox 474 3137 569 3222; x_wconf 84' lang='lat' dir='ltr'>niger</span> <span class='ocrx_word' id='word_1_206' title='bbox 590 3138 693 3222; x_wconf 86' lang='lat' dir='ltr'>tofus,</span> <span class='ocrx_word' id='word_1_207' title='bbox 717 3140 752 3201; x_wconf 91' lang='lat' dir='ltr'>in</span> <span class='ocrx_word' id='word_1_208' title='bbox 767 3138 906 3204; x_wconf 88' lang='lat' dir='ltr'>Umbria</span> <span class='ocrx_word' id='word_1_209' title='bbox 928 3149 960 3203; x_wconf 92' lang='lat' dir='ltr'>et</span> <span class='ocrx_word' id='word_1_210' title='bbox 975 3139 1093 3205; x_wconf 90' lang='lat' dir='ltr'>Piceno</span> <span class='ocrx_word' id='word_1_211' title='bbox 1117 3151 1147 3204; x_wconf 90' lang='lat' dir='ltr'>et</span> <span class='ocrx_word' id='word_1_212' title='bbox 1171 3142 1205 3203; x_wconf 91' lang='lat' dir='ltr'>in</span> <span class='ocrx_word' id='word_1_213' title='bbox 1220 3140 1360 3205; x_wconf 88' lang='lat' dir='ltr'>Venetia</span> <span class='ocrx_word' id='word_1_214' title='bbox 1381 3138 1487 3221; x_wconf 82' lang='lat' dir='ltr'>albus,</span> <span class='ocrx_word' id='word_1_215' title='bbox 1511 3143 1574 3227; x_wconf 93' lang='lat' dir='ltr'>qui</span> 
     </span>
     <span class='ocr_line' id='line_1_26' title="bbox 371 3240 1610 3326; baseline 0.006 -28"><span class='ocrx_word' id='word_1_216' title='bbox 371 3251 404 3298; x_wconf 79' lang='lat'>25</span> <span class='ocrx_word' id='word_1_217' title='bbox 424 3240 521 3303; x_wconf 93' lang='lat' dir='ltr'>etiam</span> <span class='ocrx_word' id='word_1_218' title='bbox 554 3262 643 3304; x_wconf 88' lang='lat' dir='ltr'>serra</span> <span class='ocrx_word' id='word_1_219' title='bbox 676 3240 810 3306; x_wconf 86' lang='lat' dir='ltr'>dentata</span> <span class='ocrx_word' id='word_1_220' title='bbox 841 3243 891 3305; x_wconf 92' lang='lat' dir='ltr'>uti</span> <span class='ocrx_word' id='word_1_221' title='bbox 922 3240 1049 3326; x_wconf 83' lang='lat' dir='ltr'>lignum</span> <span class='ocrx_word' id='word_1_222' title='bbox 1082 3252 1219 3305; x_wconf 86' lang='lat' dir='ltr'>secatur.</span> <span class='ocrx_word' id='word_1_223' title='bbox 1264 3242 1322 3305; x_wconf 91' lang='lat' dir='ltr'>sed</span> <span class='ocrx_word' id='word_1_224' title='bbox 1350 3242 1430 3305; x_wconf 91' lang='lat' dir='ltr'>haec</span> <span class='ocrx_word' id='word_1_225' title='bbox 1457 3245 1610 3307; x_wconf 78' lang='lat' dir='ltr'>omniaa</span> 
     </span>
     <span class='ocr_line' id='line_1_27' title="bbox 423 3339 1573 3427; baseline 0.004 -24"><span class='ocrx_word' id='word_1_226' title='bbox 423 3363 505 3427; x_wconf 91' lang='lat' dir='ltr'>quae</span> <span class='ocrx_word' id='word_1_227' title='bbox 540 3339 651 3406; x_wconf 89' lang='lat' dir='ltr'>mollia</span> <span class='ocrx_word' id='word_1_228' title='bbox 684 3351 759 3407; x_wconf 87' lang='lat' dir='ltr'>sunt</span> <span class='ocrx_word' id='word_1_229' title='bbox 790 3343 875 3408; x_wconf 92' lang='lat' dir='ltr'>hanc</span> <span class='ocrx_word' id='word_1_230' title='bbox 901 3342 1023 3408; x_wconf 89' lang='lat' dir='ltr'>habent</span> <span class='ocrx_word' id='word_1_231' title='bbox 1049 3343 1225 3408; x_wconf 87' lang='lat' dir='ltr'>utilitatem</span> <span class='ocrx_word' id='word_1_232' title='bbox 1253 3343 1340 3427; x_wconf 92' lang='lat' dir='ltr'>quod</span> <span class='ocrx_word' id='word_1_233' title='bbox 1371 3345 1461 3408; x_wconf 83' lang='lat' dir='ltr'>exis</span> <span class='ocrx_word' id='word_1_234' title='bbox 1485 3365 1573 3408; x_wconf 87' lang='lat' dir='ltr'>saxa</span> 
     </span>
     <span class='ocr_line' id='line_1_28' title="bbox 424 3444 1573 3531; baseline 0.004 -26"><span class='ocrx_word' id='word_1_235' title='bbox 424 3465 496 3506; x_wconf 91' lang='lat' dir='ltr'>cum</span> <span class='ocrx_word' id='word_1_236' title='bbox 524 3450 599 3506; x_wconf 89' lang='lat' dir='ltr'>sunt</span> <span class='ocrx_word' id='word_1_237' title='bbox 627 3453 779 3529; x_wconf 83' lang='lat' dir='ltr'>exempta</span> <span class='ocrx_word' id='word_1_238' title='bbox 805 3446 840 3508; x_wconf 92' lang='lat' dir='ltr'>in</span> <span class='ocrx_word' id='word_1_239' title='bbox 862 3466 960 3531; x_wconf 91' lang='lat' dir='ltr'>opere</span> <span class='ocrx_word' id='word_1_240' title='bbox 982 3444 1123 3510; x_wconf 88' lang='lat' dir='ltr'>faciliter</span> <span class='ocrx_word' id='word_1_241' title='bbox 1143 3453 1334 3509; x_wconf 89' lang='lat' dir='ltr'>tractantur.</span> <span class='ocrx_word' id='word_1_242' title='bbox 1385 3454 1416 3508; x_wconf 89' lang='lat' dir='ltr'>et</span> <span class='ocrx_word' id='word_1_243' title='bbox 1439 3445 1467 3508; x_wconf 89' lang='lat' dir='ltr'>si</span> <span class='ocrx_word' id='word_1_244' title='bbox 1490 3448 1573 3511; x_wconf 88' lang='lat' dir='ltr'>sunt</span> 
     </span>
    </p>
   </div>
   <div class='ocr_carea' id='block_1_4' title="bbox 422 3649 1570 3803">
    <p class='ocr_par' dir='ltr' id='par_1_4' title="bbox 422 3649 1570 3803">
     <span class='ocr_line' id='line_1_29' title="bbox 491 3649 1570 3718; baseline 0.006 -19"><span class='ocrx_word' id='word_1_245' title='bbox 491 3652 506 3698; x_wconf 98' lang='grc'>2</span> <span class='ocrx_word' id='word_1_246' title='bbox 526 3650 604 3700; x_wconf 89' lang='lat' dir='ltr'>edem</span> <span class='ocrx_word' id='word_1_247' title='bbox 622 3652 819 3715; x_wconf 88' lang='lat' dir='ltr'>oportunitatis</span> <span class='ocrx_word' id='word_1_248' title='bbox 837 3655 866 3702; x_wconf 89' lang='lat' dir='ltr'><em>H</em></span> <span class='ocrx_word' id='word_1_249' title='bbox 884 3651 930 3717; x_wconf 80' lang='lat' dir='ltr'>(tc,</span> <span class='ocrx_word' id='word_1_250' title='bbox 950 3653 1072 3703; x_wconf 87' lang='lat' dir='ltr'>ciusdem</span> <span class='ocrx_word' id='word_1_251' title='bbox 1094 3654 1292 3717; x_wconf 87' lang='lat' dir='ltr'>oportunitatis</span> <span class='ocrx_word' id='word_1_252' title='bbox 1310 3653 1360 3717; x_wconf 83' lang='lat' dir='ltr'>L),</span> <span class='ocrx_word' id='word_1_253' title='bbox 1381 3653 1475 3718; x_wconf 75' lang='lat' dir='ltr'>eedem</span> <span class='ocrx_word' id='word_1_254' title='bbox 1494 3649 1570 3716; x_wconf 83' lang='lat' dir='ltr'>(ante</span> 
     </span>
     <span class='ocr_line' id='line_1_30' title="bbox 422 3732 1568 3803; baseline 0.002 -19"><span class='ocrx_word' id='word_1_255' title='bbox 422 3751 475 3785; x_wconf 79' lang='lat' dir='ltr'>rur.</span> <span class='ocrx_word' id='word_1_256' title='bbox 490 3732 608 3800; x_wconf 67' lang='lat' dir='ltr'>stadem)</span> <span class='ocrx_word' id='word_1_257' title='bbox 622 3736 842 3800; x_wconf 85' lang='lat' dir='ltr'>opportunitates</span> <span class='ocrx_word' id='word_1_258' title='bbox 856 3739 877 3788; x_wconf 84' lang='lat' dir='ltr'><em>G</em></span> <span class='ocrx_word' id='word_1_259' title='bbox 889 3736 947 3801; x_wconf 81' lang='lat' dir='ltr'>(sed</span> <span class='ocrx_word' id='word_1_260' title='bbox 963 3741 1031 3788; x_wconf 83' lang='lat' dir='ltr'>inter</span> <span class='ocrx_word' id='word_1_261' title='bbox 1042 3740 1085 3788; x_wconf 85' lang='lat' dir='ltr'>lin.</span> <span class='ocrx_word' id='word_1_262' title='bbox 1100 3739 1134 3787; x_wconf 79' lang='lat'>60</span> <span class='ocrx_word' id='word_1_263' title='bbox 1150 3738 1196 3787; x_wconf 90' lang='lat' dir='ltr'>uel</span> <span class='ocrx_word' id='word_1_264' title='bbox 1210 3737 1302 3788; x_wconf 73' lang='lat' dir='ltr'>eiusde</span> <span class='ocrx_word' id='word_1_265' title='bbox 1320 3735 1539 3803; x_wconf 83' lang='lat' dir='ltr'>oportunitatis).</span> <span class='ocrx_word' id='word_1_266' title='bbox 1553 3734 1568 3803; x_wconf 94' lang='grc' dir='ltr'>Η</span> 
     </span>
    </p>
   </div>
   <div class='ocr_carea' id='block_1_5' title="bbox 421 3827 1657 4766">
    <p class='ocr_par' dir='ltr' id='par_1_5' title="bbox 421 3827 1657 4766">
     <span class='ocr_line' id='line_1_31' title="bbox 422 3827 1570 3922; baseline 0.003 -20"><span class='ocrx_word' id='word_1_267' title='bbox 422 3857 439 3903; x_wconf 84' lang='lat'>4</span> <span class='ocrx_word' id='word_1_268' title='bbox 457 3869 511 3903; x_wconf 92' lang='lat' dir='ltr'>non</span> <span class='ocrx_word' id='word_1_269' title='bbox 529 3853 565 3903; x_wconf 89' lang='lat' dir='ltr'>ad</span> <span class='ocrx_word' id='word_1_270' title='bbox 585 3854 636 3903; x_wconf 80' lang='lat' dir='ltr'>GH</span> <span class='ocrx_word' id='word_1_271' title='bbox 654 3852 697 3916; x_wconf 86' lang='lat' dir='ltr'>(L,</span> <span class='ocrx_word' id='word_1_272' title='bbox 717 3871 771 3905; x_wconf 90' lang='lat' dir='ltr'>non</span> <span class='ocrx_word' id='word_1_273' title='bbox 789 3860 819 3904; x_wconf 93' lang='lat' dir='ltr'>ut</span> <span class='ocrx_word' id='word_1_274' title='bbox 838 3856 933 3921; x_wconf 81' lang='lat' dir='ltr'>edic).</span> <span class='ocrx_word' id='word_1_275' title='bbox 955 3854 967 3922; x_wconf 99' lang='grc' dir='ltr'>Η</span> <span class='ocrx_word' id='word_1_276' title='bbox 986 3858 1102 3907; x_wconf 83' lang='lat' dir='ltr'>fortuito</span> <span class='ocrx_word' id='word_1_277' title='bbox 1117 3858 1167 3906; x_wconf 86' lang='lat' dir='ltr'>GH</span> <span class='ocrx_word' id='word_1_278' title='bbox 1172 3873 1181 3905; x_wconf 88' lang='lat'>.·</span> <span class='ocrx_word' id='word_1_279' title='bbox 1200 3831 1314 3921; x_wconf 77' lang='lat' dir='ltr'>forturtd</span> <span class='ocrx_word' id='word_1_280' title='bbox 1335 3858 1377 3919; x_wconf 80' lang='lat'>6⁶,</span> <span class='ocrx_word' id='word_1_281' title='bbox 1396 3827 1511 3906; x_wconf 85' lang='lat' dir='ltr'>forturtd</span> <span class='ocrx_word' id='word_1_282' title='bbox 1525 3858 1570 3905; x_wconf 78' lang='lat' dir='ltr'>Hc</span> 
     </span>
     <span class='ocr_line' id='line_1_32' title="bbox 423 3935 1569 4005; baseline 0.001 -17"><span class='ocrx_word' id='word_1_283' title='bbox 423 3938 550 3999; x_wconf 89' lang='lat' dir='ltr'>(fortuitu</span> <span class='ocrx_word' id='word_1_284' title='bbox 568 3938 636 3999; x_wconf 82' lang='lat' dir='ltr'>Llc).</span> <span class='ocrx_word' id='word_1_285' title='bbox 661 3935 673 4004; x_wconf 95' lang='grc' dir='ltr'>Η</span> <span class='ocrx_word' id='word_1_286' title='bbox 695 3942 710 3989; x_wconf 83' lang='grc'><strong>6</strong></span> <span class='ocrx_word' id='word_1_287' title='bbox 729 3944 842 3991; x_wconf 87' lang='lat' dir='ltr'>tenerae</span> <span class='ocrx_word' id='word_1_288' title='bbox 865 3942 929 3994; x_wconf 86' lang='lat' dir='ltr'>Lor.</span> <span class='ocrx_word' id='word_1_289' title='bbox 954 3939 998 4004; x_wconf 84' lang='lat' dir='ltr'>(cf.</span> <span class='ocrx_word' id='word_1_290' title='bbox 1015 3958 1043 4005; x_wconf 82' lang='lat' dir='ltr'>p.</span> <span class='ocrx_word' id='word_1_291' title='bbox 1063 3944 1104 3999; x_wconf 82' lang='grc'>41,</span> <span class='ocrx_word' id='word_1_292' title='bbox 1125 3942 1180 4003; x_wconf 80' lang='grc'>16);</span> <span class='ocrx_word' id='word_1_293' title='bbox 1204 3957 1304 4005; x_wconf 83' lang='lat' dir='ltr'>genere</span> <span class='ocrx_word' id='word_1_294' title='bbox 1329 3942 1388 3994; x_wconf 83' lang='lat' dir='ltr'>GH.</span> <span class='ocrx_word' id='word_1_295' title='bbox 1416 3936 1428 4005; x_wconf 94' lang='grc' dir='ltr'>Η</span> <span class='ocrx_word' id='word_1_296' title='bbox 1458 3941 1517 3991; x_wconf 88' lang='lat' dir='ltr'>eius</span> <span class='ocrx_word' id='word_1_297' title='bbox 1536 3942 1569 3989; x_wconf 96' lang='lat' dir='ltr'><em>H</em></span> 
     </span>
     <span class='ocr_line' id='line_1_33' title="bbox 423 4020 1569 4092; baseline 0.002 -19"><span class='ocrx_word' id='word_1_298' title='bbox 423 4022 507 4086; x_wconf 84' lang='lat' dir='ltr'>(Llc):</span> <span class='ocrx_word' id='word_1_299' title='bbox 528 4022 556 4073; x_wconf 81' lang='lat' dir='ltr'>ei</span> <span class='ocrx_word' id='word_1_300' title='bbox 575 4023 604 4073; x_wconf 76' lang='lat'>6.</span> <span class='ocrx_word' id='word_1_301' title='bbox 621 4020 632 4089; x_wconf 94' lang='grc' dir='ltr'>Η</span> <span class='ocrx_word' id='word_1_302' title='bbox 648 4026 664 4074; x_wconf 88' lang='lat'>8</span> <span class='ocrx_word' id='word_1_303' title='bbox 682 4025 724 4073; x_wconf 90' lang='lat' dir='ltr'>uti</span> <span class='ocrx_word' id='word_1_304' title='bbox 744 4027 904 4089; x_wconf 87' lang='lat' dir='ltr'>campania:</span> <span class='ocrx_word' id='word_1_305' title='bbox 922 4028 960 4075; x_wconf 78' lang='lat' dir='ltr'>ric</span> <span class='ocrx_word' id='word_1_306' title='bbox 980 4025 1039 4074; x_wconf 84' lang='lat' dir='ltr'>GH.</span> <span class='ocrx_word' id='word_1_307' title='bbox 1060 4021 1072 4090; x_wconf 97' lang='grc' dir='ltr'>Η</span> <span class='ocrx_word' id='word_1_308' title='bbox 1096 4027 1230 4092; x_wconf 62' lang='grc'>12101100</span> <span class='ocrx_word' id='word_1_309' title='bbox 1249 4027 1286 4075; x_wconf 90' lang='lat' dir='ltr'>H.</span> <span class='ocrx_word' id='word_1_310' title='bbox 1310 4022 1322 4090; x_wconf 96' lang='grc' dir='ltr'>Η</span> <span class='ocrx_word' id='word_1_311' title='bbox 1346 4041 1452 4090; x_wconf 84' lang='lat' dir='ltr'>qua...</span> <span class='ocrx_word' id='word_1_312' title='bbox 1467 4025 1569 4075; x_wconf 84' lang='lat' dir='ltr'>adusta</span> 
     </span>
     <span class='ocr_line' id='line_1_34' title="bbox 422 4106 1566 4175; baseline 0.002 -19"><span class='ocrx_word' id='word_1_313' title='bbox 422 4108 488 4157; x_wconf 78' lang='lat' dir='ltr'>Fen:</span> <span class='ocrx_word' id='word_1_314' title='bbox 508 4122 617 4171; x_wconf 88' lang='lat' dir='ltr'>quo...</span> <span class='ocrx_word' id='word_1_315' title='bbox 636 4107 735 4158; x_wconf 84' lang='lat' dir='ltr'>adusto</span> <span class='ocrx_word' id='word_1_316' title='bbox 756 4110 813 4163; x_wconf 85' lang='lat' dir='ltr'>GH.</span> <span class='ocrx_word' id='word_1_317' title='bbox 837 4106 849 4174; x_wconf 94' lang='grc' dir='ltr'>Η</span> <span class='ocrx_word' id='word_1_318' title='bbox 873 4111 905 4158; x_wconf 88' lang='grc'>14</span> <span class='ocrx_word' id='word_1_319' title='bbox 924 4109 965 4157; x_wconf 89' lang='lat' dir='ltr'>id:</span> <span class='ocrx_word' id='word_1_320' title='bbox 984 4107 1027 4157; x_wconf 79' lang='lat' dir='ltr'>ide</span> <span class='ocrx_word' id='word_1_321' title='bbox 1044 4117 1104 4159; x_wconf 83' lang='lat' dir='ltr'>ante</span> <span class='ocrx_word' id='word_1_322' title='bbox 1122 4126 1175 4164; x_wconf 77' lang='lat' dir='ltr'>ras.</span> <span class='ocrx_word' id='word_1_323' title='bbox 1197 4112 1225 4162; x_wconf 83' lang='lat' dir='ltr'>G.</span> <span class='ocrx_word' id='word_1_324' title='bbox 1254 4107 1266 4175; x_wconf 96' lang='grc' dir='ltr'>Η</span> <span class='ocrx_word' id='word_1_325' title='bbox 1295 4113 1326 4160; x_wconf 88' lang='grc'>18</span> <span class='ocrx_word' id='word_1_326' title='bbox 1343 4111 1414 4159; x_wconf 87' lang='lat' dir='ltr'>haec</span> <span class='ocrx_word' id='word_1_327' title='bbox 1434 4107 1497 4173; x_wconf 70' lang='lat' dir='ltr'>(hcc</span> <span class='ocrx_word' id='word_1_328' title='bbox 1517 4109 1566 4172; x_wconf 81' lang='lat' dir='ltr'>G):</span> 
     </span>
     <span class='ocr_line' id='line_1_35' title="bbox 421 4188 1657 4258; baseline 0.003 -18"><span class='ocrx_word' id='word_1_329' title='bbox 421 4193 459 4240; x_wconf 84' lang='lat' dir='ltr'>sic</span> <span class='ocrx_word' id='word_1_330' title='bbox 478 4192 536 4241; x_wconf 83' lang='lat' dir='ltr'>GH.</span> <span class='ocrx_word' id='word_1_331' title='bbox 557 4188 575 4255; x_wconf 92' lang='grc' dir='ltr'>Η</span> <span class='ocrx_word' id='word_1_332' title='bbox 604 4194 637 4242; x_wconf 89' lang='grc'>20</span> <span class='ocrx_word' id='word_1_333' title='bbox 655 4192 810 4258; x_wconf 89' lang='lat' dir='ltr'>pallenses:</span> <span class='ocrx_word' id='word_1_334' title='bbox 834 4196 872 4243; x_wconf 80' lang='lat' dir='ltr'>sic</span> <span class='ocrx_word' id='word_1_335' title='bbox 896 4194 954 4243; x_wconf 79' lang='lat' dir='ltr'>GH.</span> <span class='ocrx_word' id='word_1_336' title='bbox 978 4188 990 4258; x_wconf 95' lang='grc' dir='ltr'>Η</span> <span class='ocrx_word' id='word_1_337' title='bbox 1013 4195 1045 4242; x_wconf 89' lang='grc'>21</span> <span class='ocrx_word' id='word_1_338' title='bbox 1065 4193 1218 4245; x_wconf 88' lang='lat' dir='ltr'>tiburtinae</span> <span class='ocrx_word' id='word_1_339' title='bbox 1244 4194 1341 4257; x_wconf 85' lang='lat' dir='ltr'>G(lc):</span> <span class='ocrx_word' id='word_1_340' title='bbox 1365 4194 1516 4244; x_wconf 87' lang='lat' dir='ltr'>tibertinae</span> <span class='ocrx_word' id='word_1_341' title='bbox 1536 4195 1569 4243; x_wconf 87' lang='lat' dir='ltr'><em>H</em></span> <span class='ocrx_word' id='word_1_342' title='bbox 1652 4210 1657 4215; x_wconf 75' lang='grc'><strong><em>’</em></strong></span> 
     </span>
     <span class='ocr_line' id='line_1_36' title="bbox 423 4271 1566 4344; baseline 0.003 -21"><span class='ocrx_word' id='word_1_343' title='bbox 423 4274 479 4335; x_wconf 83' lang='lat' dir='ltr'>(L).</span> <span class='ocrx_word' id='word_1_344' title='bbox 502 4271 514 4340; x_wconf 96' lang='grc' dir='ltr'>Η</span> <span class='ocrx_word' id='word_1_345' title='bbox 539 4276 701 4342; x_wconf 68' lang='lat' dir='ltr'>amiternina</span> <span class='ocrx_word' id='word_1_346' title='bbox 724 4276 817 4341; x_wconf 77' lang='lat' dir='ltr'>(Lh⁶):</span> <span class='ocrx_word' id='word_1_347' title='bbox 841 4278 1030 4327; x_wconf 84' lang='lat' dir='ltr'>ameterninae</span> <span class='ocrx_word' id='word_1_348' title='bbox 1050 4274 1140 4343; x_wconf 75' lang='lat' dir='ltr'>(—ne)</span> <span class='ocrx_word' id='word_1_349' title='bbox 1162 4280 1213 4328; x_wconf 83' lang='lat' dir='ltr'>GH</span> <span class='ocrx_word' id='word_1_350' title='bbox 1231 4279 1286 4342; x_wconf 81' lang='lat' dir='ltr'>(Ic),</span> <span class='ocrx_word' id='word_1_351' title='bbox 1311 4275 1322 4344; x_wconf 95' lang='grc' dir='ltr'>Η</span> <span class='ocrx_word' id='word_1_352' title='bbox 1350 4277 1566 4342; x_wconf 69' lang='grc' dir='ltr'>2211ξο1106</span> 
     </span>
     <span class='ocr_line' id='line_1_37' title="bbox 423 4356 1564 4428; baseline 0.004 -21"><span class='ocrx_word' id='word_1_353' title='bbox 423 4357 487 4421; x_wconf 83' lang='lat' dir='ltr'>(cam</span> <span class='ocrx_word' id='word_1_354' title='bbox 504 4375 558 4411; x_wconf 83' lang='lat' dir='ltr'>ras.</span> <span class='ocrx_word' id='word_1_355' title='bbox 577 4363 593 4409; x_wconf 84' lang='lat'><strong><em>2</em></strong></span> <span class='ocrx_word' id='word_1_356' title='bbox 615 4362 676 4420; x_wconf 79' lang='lat' dir='ltr'>zita,</span> <span class='ocrx_word' id='word_1_357' title='bbox 697 4362 761 4423; x_wconf 79' lang='lat' dir='ltr'>fort.</span> <span class='ocrx_word' id='word_1_358' title='bbox 785 4361 807 4411; x_wconf 82' lang='grc'>11</span> <span class='ocrx_word' id='word_1_359' title='bbox 829 4365 868 4412; x_wconf 84' lang='lat' dir='ltr'>vel</span> <span class='ocrx_word' id='word_1_360' title='bbox 890 4362 910 4410; x_wconf 92' lang='lat' dir='ltr'>ii</span> <span class='ocrx_word' id='word_1_361' title='bbox 931 4356 995 4428; x_wconf 61' lang='lat' dir='ltr'>puae</span> <span class='ocrx_word' id='word_1_362' title='bbox 1015 4365 1117 4427; x_wconf 83' lang='lat' dir='ltr'>punctis</span> <span class='ocrx_word' id='word_1_363' title='bbox 1139 4372 1199 4413; x_wconf 82' lang='lat' dir='ltr'>ante</span> <span class='ocrx_word' id='word_1_364' title='bbox 1222 4380 1275 4412; x_wconf 79' lang='lat' dir='ltr'>rus.</span> <span class='ocrx_word' id='word_1_365' title='bbox 1296 4365 1417 4413; x_wconf 80' lang='lat' dir='ltr'>deleverit</span> <span class='ocrx_word' id='word_1_366' title='bbox 1434 4361 1527 4427; x_wconf 67' lang='lat' dir='ltr'>com).</span> <span class='ocrx_word' id='word_1_367' title='bbox 1550 4359 1564 4428; x_wconf 95' lang='grc' dir='ltr'>Η</span> 
     </span>
     <span class='ocr_line' id='line_1_38' title="bbox 423 4443 1570 4514; baseline 0.003 -21"><span class='ocrx_word' id='word_1_368' title='bbox 423 4444 571 4508; x_wconf 86' lang='lat' dir='ltr'>generibus</span> <span class='ocrx_word' id='word_1_369' title='bbox 596 4445 649 4494; x_wconf 82' lang='lat' dir='ltr'>GH</span> <span class='ocrx_word' id='word_1_370' title='bbox 670 4446 718 4507; x_wconf 88' lang='lat' dir='ltr'>(L,</span> <span class='ocrx_word' id='word_1_371' title='bbox 742 4445 901 4509; x_wconf 82' lang='lat' dir='ltr'>regionibus</span> <span class='ocrx_word' id='word_1_372' title='bbox 924 4446 967 4512; x_wconf 83' lang='lat' dir='ltr'>tc).</span> <span class='ocrx_word' id='word_1_373' title='bbox 995 4443 1007 4513; x_wconf 95' lang='grc' dir='ltr'>Η</span> <span class='ocrx_word' id='word_1_374' title='bbox 1034 4448 1164 4514; x_wconf 55' lang='lat' dir='ltr'>silice}</span> <span class='ocrx_word' id='word_1_375' title='bbox 1187 4465 1240 4497; x_wconf 83' lang='lat' dir='ltr'>cum</span> <span class='ocrx_word' id='word_1_376' title='bbox 1262 4464 1316 4498; x_wconf 83' lang='lat' dir='ltr'>ras.</span> <span class='ocrx_word' id='word_1_377' title='bbox 1337 4450 1366 4499; x_wconf 83' lang='lat' dir='ltr'>G.</span> <span class='ocrx_word' id='word_1_378' title='bbox 1392 4447 1570 4510; x_wconf 65' lang='grc'>(1000011111-</span> 
     </span>
     <span class='ocr_line' id='line_1_39' title="bbox 424 4526 1564 4598; baseline 0.004 -22"><span class='ocrx_word' id='word_1_379' title='bbox 424 4526 507 4596; x_wconf 68' lang='lat' dir='ltr'>cata),</span> <span class='ocrx_word' id='word_1_380' title='bbox 527 4528 635 4579; x_wconf 89' lang='lat' dir='ltr'>siliciae</span> <span class='ocrx_word' id='word_1_381' title='bbox 655 4530 683 4577; x_wconf 90' lang='lat' dir='ltr'><em>H</em></span> <span class='ocrx_word' id='word_1_382' title='bbox 702 4527 802 4595; x_wconf 73' lang='lat' dir='ltr'>(silicie</span> <span class='ocrx_word' id='word_1_383' title='bbox 816 4532 886 4591; x_wconf 69' lang='lat' dir='ltr'>Lete,</span> <span class='ocrx_word' id='word_1_384' title='bbox 905 4531 1001 4597; x_wconf 72' lang='lat' dir='ltr'>inlicie</span> <span class='ocrx_word' id='word_1_385' title='bbox 1018 4532 1046 4594; x_wconf 81' lang='lat' dir='ltr'>l).</span> <span class='ocrx_word' id='word_1_386' title='bbox 1071 4529 1083 4598; x_wconf 95' lang='grc' dir='ltr'>Η</span> <span class='ocrx_word' id='word_1_387' title='bbox 1106 4535 1139 4582; x_wconf 87' lang='grc'>23</span> <span class='ocrx_word' id='word_1_388' title='bbox 1157 4531 1241 4581; x_wconf 91' lang='lat' dir='ltr'>ruber</span> <span class='ocrx_word' id='word_1_389' title='bbox 1259 4537 1287 4581; x_wconf 86' lang='lat' dir='ltr'>st</span> <span class='ocrx_word' id='word_1_390' title='bbox 1304 4533 1383 4597; x_wconf 81' lang='lat' dir='ltr'>niger</span> <span class='ocrx_word' id='word_1_391' title='bbox 1401 4533 1474 4580; x_wconf 85' lang='lat' dir='ltr'>tofus</span> <span class='ocrx_word' id='word_1_392' title='bbox 1492 4533 1564 4582; x_wconf 75' lang='lat' dir='ltr'>doc:</span> 
     </span>
     <span class='ocr_line' id='line_1_40' title="bbox 423 4611 1564 4681; baseline 0.005 -22"><span class='ocrx_word' id='word_1_393' title='bbox 423 4611 533 4662; x_wconf 88' lang='lat' dir='ltr'>rubrum</span> <span class='ocrx_word' id='word_1_394' title='bbox 552 4618 580 4663; x_wconf 91' lang='lat' dir='ltr'>et</span> <span class='ocrx_word' id='word_1_395' title='bbox 598 4614 706 4677; x_wconf 84' lang='lat' dir='ltr'>nigrum</span> <span class='ocrx_word' id='word_1_396' title='bbox 724 4614 811 4663; x_wconf 85' lang='lat' dir='ltr'>tofum</span> <span class='ocrx_word' id='word_1_397' title='bbox 832 4616 889 4664; x_wconf 80' lang='lat' dir='ltr'>GH.</span> <span class='ocrx_word' id='word_1_398' title='bbox 914 4612 926 4681; x_wconf 95' lang='grc' dir='ltr'>Η</span> <span class='ocrx_word' id='word_1_399' title='bbox 949 4618 982 4664; x_wconf 87' lang='grc'>24</span> <span class='ocrx_word' id='word_1_400' title='bbox 1000 4616 1107 4665; x_wconf 87' lang='lat' dir='ltr'>umbria</span> <span class='ocrx_word' id='word_1_401' title='bbox 1128 4618 1154 4665; x_wconf 90' lang='lat' dir='ltr'><em>H</em></span> <span class='ocrx_word' id='word_1_402' title='bbox 1174 4613 1221 4679; x_wconf 77' lang='lat' dir='ltr'>(n,</span> <span class='ocrx_word' id='word_1_403' title='bbox 1246 4616 1341 4665; x_wconf 87' lang='lat' dir='ltr'>umbra</span> <span class='ocrx_word' id='word_1_404' title='bbox 1359 4621 1380 4677; x_wconf 86' lang='lat' dir='ltr'>l,</span> <span class='ocrx_word' id='word_1_405' title='bbox 1399 4617 1489 4665; x_wconf 88' lang='lat' dir='ltr'>umbri</span> <span class='ocrx_word' id='word_1_406' title='bbox 1511 4616 1564 4679; x_wconf 82' lang='lat' dir='ltr'>ch),</span> 
     </span>
     <span class='ocr_line' id='line_1_41' title="bbox 423 4693 1564 4766; baseline 0.006 -23"><span class='ocrx_word' id='word_1_407' title='bbox 423 4696 520 4746; x_wconf 83' lang='lat' dir='ltr'>umbra</span> <span class='ocrx_word' id='word_1_408' title='bbox 539 4697 569 4747; x_wconf 78' lang='grc' dir='ltr'>θ.</span> <span class='ocrx_word' id='word_1_409' title='bbox 592 4693 605 4762; x_wconf 93' lang='grc' dir='ltr'>Η</span> <span class='ocrx_word' id='word_1_410' title='bbox 628 4695 707 4746; x_wconf 88' lang='lat' dir='ltr'>albus</span> <span class='ocrx_word' id='word_1_411' title='bbox 726 4698 772 4762; x_wconf 91' lang='lat' dir='ltr'>qui</span> <span class='ocrx_word' id='word_1_412' title='bbox 789 4699 860 4749; x_wconf 74' lang='lat' dir='ltr'>doe:</span> <span class='ocrx_word' id='word_1_413' title='bbox 880 4698 959 4749; x_wconf 88' lang='lat' dir='ltr'>albus</span> <span class='ocrx_word' id='word_1_414' title='bbox 978 4700 1047 4765; x_wconf 81' lang='lat' dir='ltr'>(alb3</span> <span class='ocrx_word' id='word_1_415' title='bbox 1067 4701 1099 4765; x_wconf 86' lang='lat' dir='ltr'>G)</span> <span class='ocrx_word' id='word_1_416' title='bbox 1119 4698 1191 4763; x_wconf 77' lang='lat' dir='ltr'>quod</span> <span class='ocrx_word' id='word_1_417' title='bbox 1211 4701 1268 4756; x_wconf 84' lang='lat' dir='ltr'>GH.</span> <span class='ocrx_word' id='word_1_418' title='bbox 1293 4697 1305 4766; x_wconf 95' lang='grc' dir='ltr'>Η</span> <span class='ocrx_word' id='word_1_419' title='bbox 1328 4702 1361 4749; x_wconf 83' lang='grc'>26</span> <span class='ocrx_word' id='word_1_420' title='bbox 1379 4702 1417 4750; x_wconf 88' lang='lat' dir='ltr'>is:</span> <span class='ocrx_word' id='word_1_421' title='bbox 1441 4700 1485 4749; x_wconf 90' lang='lat' dir='ltr'>his</span> <span class='ocrx_word' id='word_1_422' title='bbox 1505 4700 1564 4751; x_wconf 80' lang='lat' dir='ltr'>GH.</span> 
     </span>
    </p>
   </div>
   <div class='ocr_carea' id='block_1_6' title="bbox 1299 5007 1307 5038">
    <p class='ocr_par' dir='ltr' id='par_1_6' title="bbox 1299 5007 1307 5038">
     <span class='ocr_line' id='line_1_42' title="bbox 1299 5007 1307 5038; baseline 0 0"><span class='ocrx_word' id='word_1_423' title='bbox 1299 5007 1307 5038; x_wconf 84' lang='grc'>1</span> 
     </span>
    </p>
   </div>
   <div class='ocr_carea' id='block_1_7' title="bbox 0 0 1896 5625">
    <p class='ocr_par' dir='ltr' id='par_1_7' title="bbox 0 0 1896 5625">
     <span class='ocr_line' id='line_1_43' title="bbox 0 0 1896 5625; baseline 0 0"><span class='ocrx_word' id='word_1_424' title='bbox 0 0 1896 5625; x_wconf 95' lang='lat' dir='ltr'> </span> 
     </span>
    </p>
   </div>
  </div>
 </body>
</html>
