3784 5625
421 631 484 729 270
908 647 1066 694 vrrnuvrr

420 798 559 863 latitudo
588 799 652 863 duo
676 809 707 862 et
730 810 842 864 sextae
865 802 977 887 partia.
1023 799 1192 863 dividatur
1214 800 1357 863 medium
1379 799 1487 863 lineae
1510 797 1566 863 de-

420 902 576 986 scriptae,
607 910 734 964 etcum
757 901 900 965 divisum
924 902 987 964 erit
1010 900 1243 965 contrahantur
1266 910 1431 964 extremae
1453 909 1565 988 partes

420 1002 489 1065 eius
512 1002 644 1083 formae,
668 1011 704 1065 ut
726 1001 891 1088 obliquam
914 1001 1184 1067 deformationem
1206 1002 1325 1066 habeat
1347 1001 1566 1087 longitudinis

420 1112 514 1167 sexta
535 1113 637 1190 parte,
661 1101 845 1167 latitudinis
868 1104 926 1167 ubi
950 1113 1000 1166 est
1022 1126 1157 1167 versura
1180 1109 1295 1190 quarta
1310 1114 1413 1189 parte.
1451 1104 1566 1189 inqua

386 1214 512 1291 aparte
533 1215 643 1269 autem
665 1214 741 1268 sunt
763 1214 957 1270 curvaturae
979 1206 1013 1267 in
1037 1206 1154 1290 quibus
1178 1214 1373 1292 procurrunt
1396 1205 1566 1268 cacumina

418 1306 627 1392 angulorum,
657 1315 688 1369 et
710 1306 870 1370 foramina
893 1316 1140 1389 convertantur,
1171 1318 1203 1369 et
1225 1316 1432 1372 contractura
1454 1304 1566 1369 latitu-

420 1407 506 1471 dinis
528 1408 640 1471 redeat
662 1408 821 1471 introrsus
845 1417 939 1471 sexta
961 1417 1071 1493 parte,
1095 1407 1240 1471 foramen
1262 1417 1370 1471 autem
1392 1406 1567 1491 oblongius

420 1511 463 1572 sit
485 1519 574 1573 tanto
598 1519 749 1595 quantam
774 1510 922 1596 epizygis
946 1509 1044 1572 habet
1067 1509 1328 1573 crassitudinem.
1366 1531 1439 1572 cum
1456 1508 1565 1573 defor-

421 1620 544 1674 matum
566 1610 677 1693 fuerit,
701 1611 822 1673 circum
846 1610 1009 1673 delinatur
1032 1620 1225 1694 extremum,
1249 1620 1285 1674 ut
1306 1610 1426 1674 habeat
1449 1632 1565 1673 curva-

371 1721 527 1776 loturam
554 1711 695 1775 molliter
723 1713 961 1774 circumactam.
1013 1711 1193 1776 crassitudo
1229 1712 1296 1776 eius
1334 1712 1506 1775 foraminis
1535 1701 1601 1777 s—la

424 1815 651 1877 constituatur.
690 1812 823 1876 modioli
839 1814 1035 1876 foraminum
1051 1813 1126 1896 duo,
1150 1813 1289 1876 latitudo
1305 1825 1364 1896 Isi,
1382 1814 1568 1878 crassitudo

421 1924 645 2001 praeterquam
669 1914 754 2000 quod
778 1916 812 1977 in
834 1914 994 1977 foramine
1016 1914 1142 1978 inditur
1163 1914 1333 1979 foraminis
1349 1933 1418 1998 s-,
1441 1916 1485 1979 ad
1509 1937 1567 1978 ex-

420 2026 560 2080 tremum
588 2025 697 2079 autem
725 2015 864 2080 latitudo
893 2014 1061 2079 foraminis
1083 2005 1155 2080 ii:
1200 2026 1439 2103 parastatarum
1461 2017 1568 2102 longi-

420 2118 500 2182 tudo
523 2118 692 2181 foraminis
708 2123 815 2199 vs1-,
840 2126 1014 2180 curvatura
1036 2115 1204 2181 foraminis
1220 2140 1296 2205 pars
1312 2118 1461 2200 dimidia,
1478 2140 1567 2183 cras-

370 2231 402 2286 15
421 2220 529 2284 situdo
551 2220 720 2283 foraminis
743 2224 784 2282 ὣ
808 2227 839 2282 et
861 2220 964 2304 partis
987 2237 1044 2281 Lx.
1067 2218 1211 2283 adicitur
1232 2230 1341 2283 autem
1361 2220 1404 2283 ad
1423 2221 1569 2284 mediam

420 2320 626 2386 latitudinem
661 2329 815 2408 quantum
849 2330 897 2383 est
927 2343 1029 2407 prope
1057 2320 1203 2384 foramen
1230 2322 1351 2385 factum
1378 2323 1412 2385 in
1442 2321 1566 2401 descri-

420 2424 548 2509 ptione,
576 2423 751 2487 latitudine
774 2433 806 2486 et
829 2422 1046 2485 crassitudine
1072 2420 1242 2487 foraminis
1265 2441 1298 2505 v,
1326 2422 1467 2487 altitudo
1490 2446 1566 2512 par-

419 2534 452 2587 te
468 2543 533 2589 1111.
566 2524 697 2609 regulae
720 2547 802 2609 quae
825 2532 874 2587 est
896 2525 930 2585 in
952 2545 1065 2587 mensa
1086 2524 1257 2609 longitudo
1274 2525 1470 2590 foraminum
1486 2544 1566 2610 vm,
1586 2542 1602 2589 6

419 2625 557 2691 latitudo
574 2638 606 2689 et
621 2625 803 2690 crassitudo
822 2625 995 2688 dimidium
1011 2624 1191 2689 foraminis.
1229 2626 1378 2691 cardines
1393 2633 1453 2713 ria,
1477 2650 1566 2693 cras·
1587 2714 1593 2724 Ι

368 2767 401 2817 20
419 2745 528 2810 situdo
550 2746 718 2809 foraminis
735 2733 792 2807 id).
826 2752 1000 2807 curvatura
1022 2743 1154 2828 regulae
1170 2764 1288 2824 I-qx.
1324 2747 1499 2811 exterioris
1515 2770 1566 2811 re-

420 2848 515 2932 gulae
538 2847 676 2911 latitudo
700 2856 731 2910 et
753 2845 934 2910 crassitudo
957 2846 1164 2930 tantundem,
1193 2841 1363 2934 longitudo
1386 2871 1485 2935 quam
1508 2851 1565 2913 de·
1663 2861 1670 2870 '

420 2948 506 3012 derit
532 2949 605 3035 ipsa
633 2971 767 3013 versura
795 2948 1041 3012 deformationis
1065 2957 1097 3011 et
1119 2951 1335 3035 parastaticae
1357 2951 1498 3016 latitudo
1521 2952 1566 3015 ad

420 3073 510 3115 suam
533 3060 739 3115 curvaturam
754 3069 788 3114 Κ.
834 3051 1014 3135 superiores
1030 3059 1139 3112 autem
1153 3051 1286 3136 regulae
1300 3051 1453 3138 aequales
1469 3064 1566 3117 erunt

418 3153 628 3217 inferioribus
643 3171 678 3217 Κ.
722 3155 853 3216 mensae
874 3153 1104 3214 transversarii
1125 3152 1292 3217 foraminis
1314 3159 1413 3219 affin.
1451 3154 1598 3218 clima-7

487 3332 499 3377 1
520 3328 611 3378 lineae
630 3323 794 3390 descripta&
812 3326 846 3374 cir
864 3325 900 3382 H,
925 3323 998 3389 linee
1016 3324 1225 3391 disseripta.et
1243 3343 1303 3376 cum
1328 3327 1357 3377 6,
1381 3325 1393 3392 ΙΙ
1416 3331 1563 3378 2contra-

418 3413 499 3461 hatur
518 3412 578 3461 HG.
602 3407 614 3476 ΙΙ
637 3414 653 3459 4
672 3411 769 3473 quarti
786 3412 892 3472 partem
905 3409 941 3465 H,
962 3411 1059 3472 quarta
1071 3414 1149 3474 parti
1168 3411 1197 3460 G.
1209 3407 1249 3476 {lb
1264 3415 1306 3461 est
1325 3413 1350 3475 (ἓ
1361 3411 1392 3475 G)
1412 3418 1565 3463 curvatura

417 3497 477 3548 HG.
502 3493 514 3560 ΙΙ
537 3493 679 3552 6&H,a
702 3494 735 3543 G:
756 3508 788 3542 eo
807 3491 859 3540 Ka
882 3488 894 3557 ΙΙ
918 3496 1113 3543 convertuntur
1134 3495 1194 3547 HG.
1217 3492 1230 3562 ΙΙ
1252 3498 1266 3546 7
1286 3496 1404 3546 redeant
1426 3498 1488 3550 HG.
1512 3495 1524 3564 ΙΙ
1548 3500 1564 3548 8

418 3580 540 3645 opytigis
558 3579 594 3636 H,
614 3577 742 3642 opizigiis
763 3576 792 3625 G.
817 3571 829 3640 ΙΙ
852 3577 867 3625 9
887 3575 1106 3627 circirdividatur
1125 3581 1245 3629 extrema
1262 3582 1298 3642 H,
1318 3580 1565 3632 circumdividatur

417 3669 566 3714 extremam
587 3663 615 3715 G.
637 3658 649 3727 ΙΙ
673 3662 704 3710 10
723 3661 920 3710 circumactam
940 3661 1092 3724 (circdactai
1111 3664 1143 3726 G)
1164 3669 1191 3722 :⁴32-
1211 3666 1366 3716 crassitudo
1385 3664 1563 3728 (Crassitudo

419 3749 450 3814 G)
470 3749 530 3802 HG,
554 3745 566 3814 ΙΙ
591 3749 619 3798 11
644 3762 677 3795 m.
702 3746 722 3795 f.
745 3745 797 3794 duo
816 3744 932 3794 latitudo
948 3744 953 3807 Ι
968 3741 1087 3804 rsa&
1112 3749 1265 3800 crassitudo
1287 3748 1392 3815 prader
1411 3765 1496 3814 quarn

416 3851 456 3910 H,
479 3867 514 3904 m.
538 3850 557 3901 f.
582 3849 634 3899 due
659 3848 779 3898 latitudo
800 3847 803 3910 Ι
824 3847 880 3897 IS‘)
899 3827 954 3903 {gd
976 3849 1133 3899 crassitudo
1160 3852 1563 3915 pars.VIII.K.climacidcs

415 3936 566 4001 superioris
585 3970 631 3986 ...
652 3935 674 3984 G
691 3932 744 3995 (ubi
757 3940 819 3997 post
831 3932 984 3983 crassitudo
1001 3942 1111 3997 propter
1122 3935 1330 3986 homoioteleuton
1347 3952 1426 4002 usque
1443 3939 1488 3987 ad.
1507 3955 1530 3988 v.
1546 3941 1564 3986 3

412 4055 440 4102 p.
452 4054 505 4103 seq.
524 4039 675 4087 intermedia
692 4037 774 4086 orinia
790 4036 881 4085 eruisse
897 4041 964 4087 runt.
983 4038 1052 4100 quod
1067 4038 1178 4086 additum
1195 4044 1234 4086 est
1252 4021 1266 4069 ὅ
1284 4038 1399 4100 desectas
1420 4038 1520 4104 signam
1537 4040 1564 4088 in

415 4124 527 4186 margine
545 4124 658 4186 suppleti
674 4137 709 4171 ea
727 4121 867 4185 archetypo
886 4121 981 4170 codicis
1000 4120 1021 4168 G
1038 4123 1172 4184 repetitam
1190 4123 1301 4172 videtur:
1325 4127 1363 4170 est
1380 4123 1445 4171 enirn
1460 4126 1563 4186 primae

415 4222 608 4272 mennamque
631 4213 706 4255 extat
729 4208 926 4269 supplementum
948 4203 1048 4268 iprum).
1070 4200 1082 4270 ΙΙ
1106 4208 1137 4254 12
1160 4205 1264 4254 inditur
1283 4206 1424 4276 foraminis
1448 4205 1513 4259 .Sl'.
1534 4207 1566 4256 H

415 4307 472 4370 (sp
491 4311 565 4358 etiam
577 4309 612 4371 L,
629 4310 677 4358 sed
694 4306 726 4356 SI
742 4306 784 4370 lc).
806 4303 817 4373 ΙΙ
839 4281 905 4357 13'1.
926 4306 1068 4357 foraminis
1084 4306 1088 4371 Ι
1103 4295 1164 4357 1'1-
1174 4345 1180 4357 .
1190 4313 1392 4372 parastatarum
1415 4309 1564 4376 longitudo

311 4447 317 4457 ,
414 4381 1564 4476 foraminuvs.10.H(v.s.1“a.a‚vernantior.assemanum.

415 4509 451 4561 H.
476 4508 488 4575 ΙΙ
518 4513 548 4559 17
571 4513 608 4560 sic
632 4512 666 4559 H.
691 4506 703 4575 ΙΙ
730 4512 761 4564 18
781 4508 921 4576 lcardines
939 4495 988 4576 1—12
1006 4527 1034 4560 a:
1052 4513 1204 4562 crassitudo
1224 4495 1483 4563 foraminisi‘ltra
1502 4529 1563 4563 cur·
1657 4475 1664 4488 ·

414 4608 530 4672 valtura
548 4612 660 4676 regulae
680 4598 945 4664 Fanexterioris
965 4616 999 4663 H.
1024 4611 1036 4681 ΙΙ
1061 4617 1093 4663 22
1111 4613 1134 4664 dr
1151 4631 1228 4664 suam
1251 4615 1288 4667 H.
1312 4610 1324 4680 ΙΙ
1346 4615 1380 4663 24
1398 4612 1564 4678 (inferiores

414 4693 440 4744 K
459 4709 549 4743 mense
567 4695 611 4761 tc).
