3784 5625
693 652 740 698 nn
763 652 1028 700 rnonrracruna
1051 655 1120 701 nra.
1144 656 1190 702 vr.
1451 644 1511 709 135

368 804 582 869 observanda.
625 827 765 891 namque
787 804 836 870 sol
858 807 976 892 quibus
1005 806 1084 870 locis
1112 808 1320 873 mediocriter
1341 811 1510 898 profundit

367 928 518 993 vapores,
541 907 575 969 in
590 906 640 970 lfrs
656 916 826 972 conservat
843 929 978 993 corpora
993 919 1183 995 temperata,
1200 932 1347 996 quaeque
1362 914 1510 999 proxime

368 1007 527 1072 currendo
556 1007 731 1092 deflagrat,
765 1010 862 1095 eripit
897 1011 1063 1075 exurendo
1096 1019 1348 1098 temperaturam
1375 1014 1508 1080 umoris.

369 1120 482 1174 contra
505 1132 582 1174 vero
611 1111 812 1195 refrigeratis
840 1112 1045 1196 regionibus,
1074 1113 1160 1198 quod
1187 1112 1309 1178 absunt
1330 1136 1350 1177 a
1371 1116 1509 1180 meridie

367 1211 475 1296 longe,
498 1234 564 1276 non
586 1211 777 1275 exhauritur
798 1234 818 1275 a
841 1212 1003 1277 caloribus
1026 1236 1128 1295 umor,
1152 1214 1210 1278 sed
1234 1236 1275 1277 ex
1298 1214 1386 1280 caeli>
1409 1220 1507 1282 rosci-
1527 1225 1542 1272 5

368 1313 428 1378 dus
451 1334 506 1375 aer
527 1314 563 1377 in
585 1335 720 1401 corpora
742 1314 881 1379 fundens
903 1336 1049 1378 umorem
1077 1314 1179 1379 efficit
1200 1315 1373 1402 ampliores
1396 1340 1508 1405 corpo-

367 1425 492 1480 raturas
516 1416 671 1502 vocisque
694 1416 818 1481 sonitus
841 1417 1020 1501 graviores.
1065 1438 1167 1482 exeo
1191 1439 1319 1504 quoque
1342 1442 1423 1506 quae
1446 1421 1507 1485 sub

367 1517 643 1604 septentrionibus
665 1520 855 1583 nutriuntur
877 1528 991 1604 gentes
1007 1519 1192 1584 inmanibus
1208 1522 1409 1606 corporibus,
1434 1544 1507 1585 can-

367 1619 454 1683 didis
478 1616 656 1701 coloribus,
686 1620 810 1685 directo
831 1619 948 1708 capillo
972 1629 1004 1683 et
1025 1621 1114 1704 rufo,
1143 1619 1246 1686 oculis
1270 1624 1404 1710 caesiis,
1434 1646 1506 1687 san-

365 1722 466 1805 guine
493 1719 595 1785 multo
622 1719 665 1784 ab
692 1722 813 1787 umoris
841 1721 999 1809 plenitate
1031 1722 1177 1808 caelique
1204 1722 1508 1807 refrigerationibus
1528 1734 1559 1783 10

331 1841 348 1888 4
366 1831 448 1887 sunt
464 1822 667 1887 conformati.
705 1824 761 1908 qui
781 1833 890 1888 autem
913 1833 988 1889 sunt
1010 1825 1152 1910 proximi
1174 1824 1216 1887 ad
1238 1846 1334 1887 axem
1356 1828 1507 1890 meridia-

365 1946 444 1988 num
467 1923 669 2010 subiectique
692 1922 770 1988 solis
793 1926 918 2007 cursui,
942 1924 1149 1989 brevioribus
1172 1927 1377 2010 corporibus,
1402 1926 1508 1993 colore

365 2026 467 2107 fusco,
484 2026 590 2112 crispo
607 2024 735 2112 capillo,
752 2026 854 2091 oculis
869 2028 985 2111 nigris,
1002 2027 1151 2091 cruribus
1166 2026 1333 2110 invalidiS,
1349 2032 1507 2114 sanguine
1613 2099 1616 2106 ,

365 2128 486 2212 exiguo
509 2126 586 2192 solis
608 2129 732 2214 impetu
760 2128 983 2214 perficiuntur.
1027 2130 1137 2215 itaque
1159 2130 1257 2192 etiam
1278 2140 1411 2216 propter
1433 2154 1505 2196 san·
1571 2109 1577 2133 x

363 2230 473 2314 guinis
496 2230 709 2314 exiguitatem
730 2229 910 2294 timidiores
926 2241 1003 2294 sunt
1015 2229 1100 2294 ferro
1115 2232 1278 2312 resistere,
1302 2231 1360 2295 sed
1374 2232 1506 2297 ardores
1526 2243 1557 2290 15

364 2353 403 2394 ac
429 2329 539 2395 febres
567 2331 726 2395 sufferunt
759 2332 829 2395 sine
857 2332 991 2413 timore,
1027 2332 1114 2416 quod
1142 2333 1265 2395 nutrita
1294 2342 1369 2396 sunt
1396 2354 1505 2398 eorum

363 2431 510 2496 membra
537 2454 611 2495 cum
639 2432 779 2497 fervore.
829 2434 940 2517 itaqUe
968 2453 1103 2517 corpora
1131 2454 1213 2518 quae
1240 2443 1417 2497 nascuntur
1444 2435 1505 2499 sub

363 2535 584 2622 septentrione
612 2557 632 2597 a
660 2533 745 2599 febri
778 2544 866 2598 sunt·
880 2527 1047 2598 timidiora
1075 2543 1107 2598 et
1133 2532 1301 2615 inbecilla,
1335 2536 1505 2619 sanguinis

363 2647 473 2702 autem
494 2635 695 2700 abundantia
717 2635 803 2700 ferro
826 2636 983 2700 resistunt
1006 2635 1076 2697 sine
1097 2636 1225 2699 timore.

330 2757 345 2805 5
447 2739 522 2803 Non
543 2739 650 2802 minus
679 2759 777 2802 sonus
805 2738 896 2801 vocis
925 2738 961 2799 in
986 2738 1162 2822 generibus
1189 2739 1335 2822 gentium
1358 2738 1505 2826 dispares
1522 2751 1555 2799 20

363 2851 396 2906 et
418 2841 527 2904 varias
550 2840 649 2927 habet
672 2838 861 2926 qualitates,
891 2839 965 2903 ideo
995 2840 1082 2925 quod
1108 2841 1293 2904 terminatio
1315 2841 1449 2905 orientis
1473 2853 1505 2906 et

363 2941 542 3008 occidentis
565 2943 651 3005 circa
671 2951 776 3005 terrae
798 2942 1021 3023 librationem,
1045 2963 1108 3027 qua
1130 2941 1291 3006 dividitur
1312 2964 1387 3029 pars
1409 2966 1504 3030 supc-

362 3046 429 3109 rior
452 3052 484 3107 et
505 3043 641 3107 inferior
655 3042 780 3125 mundi,
803 3042 923 3107 habere
939 3042 1071 3106 videtur
1084 3042 1238 3107 libratam
1252 3042 1393 3108 naturali
1407 3045 1504 3110 modo

363 3145 637 3227 circumitionem,
676 3167 772 3230 quam
810 3146 908 3207 etiam
935 3143 1163 3208 mathematici
1195 3148 1347 3226 οριζοντα
1380 3144 1518 3209 dicunt·

362 3249 464 3332 igitur
486 3268 561 3309 cum
582 3246 617 3310 id
639 3245 796 3311 habemus
825 3255 949 3310 certum
971 3247 1079 3309 animo
1102 3247 1318 3327 sustinentes,
1346 3246 1388 3310 ab
1410 3245 1553 3312 labrom

362 3350 449 3436 quod
473 3357 523 3412 est
544 3349 587 3426 in
600 3349 734 3433 regione
756 3346 1013 3433 septentrionali,
1036 3345 1122 3410 linea
1143 3348 1278 3411 traiecta
1299 3347 1342 3410 ad
1365 3348 1400 3410 id
1415 3349 1503 3434 qnod

362 3460 412 3517 est
433 3472 532 3537 supra
554 3450 768 3514 meridianum
789 3471 886 3513 axem
907 3450 950 3514 ab
973 3470 1074 3535 eoque
1096 3447 1198 3513 altera
1219 3447 1352 3534 obliqua
1373 3451 1408 3513 in
1429 3449 1503 3514 alti-

360 3553 509 3617 tudinem
523 3551 578 3614 'ad
607 3574 768 3615 summum
796 3551 960 3614 cardinem
991 3552 1047 3636 qui
1074 3561 1123 3616 est
1145 3561 1218 3636 post
1240 3548 1350 3615 stellas
1374 3561 1501 3637 septen-

430 3762 444 3809 1
462 3759 532 3809 Nam
550 3757 592 3808 sol
609 3764 667 3808 ante
687 3773 754 3811 corr.
776 3757 875 3820 G(non
893 3756 940 3822 Ε).
962 3753 974 3822 ΙΙ
995 3760 1011 3807 3
1029 3757 1165 3823 deflagrat
1186 3758 1223 3806 L:
1247 3756 1403 3822 deflagrant
1425 3758 1503 3806 EGH

361 3841 416 3907 (lo).
440 3839 453 3910 ll
466 3844 492 3893 ⁴5
511 3842 651 3894 caloribus
670 3842 719 3891 Ec
738 3839 797 3906 (le
818 3841 956 3892 coloribus
975 3842 1002 3889 Ii
1021 3840 1075 3906 (lc).
1099 3839 1111 3906 {l
1133 3843 1149 3890 6
1167 3840 1284 3890 fundens
1296 3841 1346 3890 EG
1363 3841 1422 3904 (L):
1442 3841 1502 3889 fun-

361 3928 430 3981 dans
447 3929 476 3978 If
493 3926 555 3990 (el).
575 3923 588 3993 ll
610 3926 712 3976 honore
728 3935 787 3976 ante
804 3943 872 3980 corr.
894 3928 915 3976 G
932 3925 994 3990 (non
1005 3925 1051 3983 El.
1072 3921 1085 3991 ΙΙ
1104 3927 1119 3974 7
1138 3940 1246 3989 quoque
1264 3940 1335 3988 quae
1353 3940 1412 3987 epo:
1433 3939 1501 3986 quo·

362 4028 414 4077 que
432 4012 519 4063 EGH.
543 4007 555 4078 ΙΙ
578 4014 593 4061 9
616 4010 730 4061 derecto
754 4012 816 4068 GH,
840 4011 944 4060 directo
968 4011 993 4058 E
1017 4008 1094 4074 (Llc).
1118 4004 1130 4074 Η
1153 4009 1243 4058 caesis
1267 4009 1350 4072 (casis
1370 4007 1425 4069 GL)
1451 4008 1502 4056 GH

361 4095 448 4162 (Llc):
473 4096 566 4146 caecis
589 4095 624 4150 E.
652 4091 665 4162 [l
694 4098 724 4146 10
741 4095 878 4161 planitate
897 4098 927 4144 lc.
956 4091 969 4158 Η
996 4096 1027 4144 13
1045 4093 1147 4158 capillo
1168 4100 1228 4156 post
1246 4095 1322 4154 finem
1345 4107 1432 4141 versus
1454 4107 1500 4141 om.

362 4182 391 4240 G,
410 4198 460 4232 non
478 4181 506 4230 Ε
522 4176 616 4245 (suppl.
636 4180 690 4243 60).
713 4175 725 4246 ΙΙ
748 4179 874 4228 curribus
897 4186 956 4228 ante
979 4195 1048 4230 corr.
1071 4179 1099 4231 G,
1123 4172 1135 4243 Η
1158 4175 1289 4226 invalidis
1306 4177 1376 4225 doc:
1399 4172 1499 4224 v'alidis

361 4267 447 4317 ΕΘΗ.
465 4263 478 4332 ΙΙ
495 4267 526 4314 16
544 4269 648 4315 tumore
660 4267 689 4314 H
701 4262 738 4326 (et
755 4269 815 4312 ante
832 4279 900 4316 corr.
914 4264 950 4327 c).
967 4259 978 4328 ll
996 4264 1028 4312 18
1047 4279 1064 4311 a
1079 4261 1165 4311 febris
1183 4260 1208 4308 E
1227 4260 1288 4322 (non
1301 4258 1343 4321 G).
1360 4255 1372 4323 {l
1387 4261 1419 4307 22
1431 4258 1500 4309 libe-

295 4336 300 4340 ’
345 4352 496 4401 ¹rationem
508 4357 568 4400 ante
586 4366 655 4403 corr.
675 4349 736 4399 GLc
754 4344 908 4410 (ηοηΕΗὶ),
927 4355 955 4395 at
971 4365 994 4397 v.
1013 4350 1049 4396 23
1067 4346 1214 4396 liberatam
1232 4350 1291 4394 ante
1309 4359 1378 4394 corr.
1395 4359 1418 4391 c.
1435 4339 1447 4408 ll
1467 4346 1500 4392 24

360 4452 454 4500 quam:
466 4437 505 4485 alc
517 4435 603 4487 EGH.
621 4431 633 4500 ll
650 4435 774 4483 orizonte
785 4431 843 4493 GH,
854 4430 961 4479 rizonta
971 4430 996 4477 Ε
1006 4427 1072 4489 (scil.
1081 4427 1413 4512 mathematicipurizonta
1425 4428 1499 4476 etiam

361 4538 402 4602 G).
426 4533 438 4604 ΙΙ
461 4539 495 4587 25
508 4552 581 4586 cum:
599 4537 637 4586 εἰσ
649 4536 734 4585 EGH.
747 4531 758 4598 ΙΙ
776 4532 803 4582 id
821 4548 868 4583 om.
890 4532 913 4580 E
931 4530 993 4594 (non
1012 4531 1053 4595 G).
1077 4527 1089 4597 ΙΙ
1113 4532 1147 4581 ab
1166 4530 1245 4579 EGH
1262 4526 1315 4592 (LI,
1329 4544 1345 4578 a
1357 4528 1408 4591 cl).
1432 4525 1444 4594 ΙΙ
1467 4531 1499 4578 27

358 4638 454 4686 supra:
472 4624 511 4671 sic
522 4622 609 4672 EGH.
627 4617 639 4686 [l
655 4619 744 4669 altera
756 4617 866 4682 obliqua
883 4618 964 4666 Laet:
988 4614 1074 4666 altera
1091 4615 1202 4680 obliqua
1219 4614 1279 4670 EG,
1298 4612 1414 4663 alteram
1434 4612 1500 4664 obli·

360 4722 440 4771 quam
458 4707 495 4758 Il.
