3784 5625
299 645 301 649 ¹
366 709 367 713 ,
410 663 471 726 104
904 674 1061 721 vrruuvu

492 829 667 917 Etiamque
688 827 894 914 Pythagorae
924 827 1045 912 quique
1069 826 1137 890 eius
1161 827 1322 890 haeresim
1345 826 1479 891 fuerunt
1501 849 1549 890 se-

408 934 475 997 cuti
507 930 629 1019 placuit
662 929 785 1015 cybicis
826 927 1007 991 rationibus
1048 938 1221 1015 praecepta
1256 929 1291 991 in
1326 927 1551 993 voluminibus

408 1033 564 1115 scribere,
594 1030 895 1115 constitueruntque
923 1028 1043 1115 cybum
1064 1045 1168 1092 CCXVI
1198 1050 1312 1092 versus
1341 1050 1460 1115 eosque
1487 1053 1552 1093 non

408 1134 481 1223 plus
513 1143 579 1198 tres
611 1134 646 1195 in
678 1153 743 1195 una
778 1131 1016 1217 conscriptione
1057 1139 1206 1216 oportere
1241 1152 1310 1194 esse
1343 1141 1551 1217 putaverunt.

374 1250 390 1298 5
408 1236 511 1323 cybus
534 1244 643 1299 autem
666 1242 716 1297 cst
738 1254 855 1318 corpus
878 1254 937 1295 sex
959 1229 1116 1296 lateribus
1138 1231 1268 1318 aequali
1289 1230 1467 1297 latitudine
1485 1232 1586 1320 pla-s

407 1339 563 1403 nitiarum
585 1333 850 1424 perqu‘adratum.
894 1335 922 1396 is
946 1356 1020 1396 cum
1042 1343 1092 1398 est
1113 1334 1228 1416 iactus,
1252 1356 1350 1419 quam
1372 1335 1407 1397 in
1428 1345 1551 1421 partem

409 1439 558 1503 incubuit
585 1436 664 1500 dum
693 1445 742 1499 est
768 1437 910 1499 intactus
938 1436 1094 1499 inmotam
1121 1435 1219 1499 habet
1247 1433 1476 1520 stabilitatem,
1505 1437 1553 1499 uti

411 1548 486 1604 sunt
515 1540 613 1602 etiam
640 1547 782 1601 tesserae
813 1559 892 1622 quas
920 1538 956 1600 in
983 1534 1076 1601 alveo
1111 1534 1271 1620 ludentes·
1287 1538 1420 1601 iaciunt.
1471 1538 1553 1601 hanc

411 1650 518 1715 autem
541 1638 789 1704 similitudinem
813 1660 855 1701 ex
876 1660 912 1702 eo
928 1640 1105 1725 sumpsisse
1121 1639 1275 1704 videntur
1297 1638 1385 1725 quod
1400 1640 1427 1702 is
1443 1660 1551 1704 nume-

362 1756 393 1805 10
409 1764 465 1813 rus
493 1762 646 1805 versuum
678 1742 728 1805 uti
755 1739 857 1826 cybus
891 1741 926 1803 in
957 1761 1192 1826 quemcumque
1224 1762 1354 1804 sensum
1386 1740 1554 1821 insederit,

404 1846 567 1916 inmotam
595 1842 716 1906 efficiat
737 1841 785 1907 ibi
813 1842 989 1905 memoriae
1017 1839 1239 1905 stabilitatem.
1285 1841 1405 1907 Graeci
1428 1864 1554 1929 quoque

412 1953 526 2032 poetae
542 1944 657 2007 comici
671 1944 913 2029 interponentes
930 1965 946 2005 e
962 1943 1059 2007 choro
1075 1944 1237 2007 canticum
1253 1942 1436 2007 diviserunt
1451 1944 1554 2031 spatia

413 2043 608 2109 fabularum.
651 2045 699 2106 ita
726 2051 834 2130 partes
863 2043 978 2129 cybica
1004 2043 1130 2108 ratione
1160 2043 1316 2108 facientes
1339 2044 1553 2132 intercapedi-

412 2146 508 2212 nibus
531 2145 642 2210 levant
663 2154 808 2209 actorum
830 2129 1120 2231 pronuntiationes.

365 2260 396 2309 lo
450 2306 451 2309 ,
498 2246 580 2313 Cum
609 2268 685 2333 ergo
714 2246 794 2310 haec
822 2244 964 2310 naturali
990 2246 1087 2311 modo
1115 2248 1180 2309 sint
1206 2269 1226 2309 a
1247 2248 1426 2313 maioribus
1448 2248 1589 2317 obser-5

405 2357 491 2426 ¹vata
516 2350 690 2435 animoque
717 2346 887 2411 advertam
917 2348 1091 2412 inusitatas
1125 2358 1156 2411 et
1184 2347 1338 2412 obscuras
1366 2348 1478 2413 multis
1506 2370 1556 2412 res

414 2471 484 2513 esse
505 2450 587 2518 mihi
608 2448 814 2531 scribendae,
843 2471 906 2535 quo
928 2447 1057 2511 facilius
1085 2450 1129 2513 ad
1151 2453 1264 2512 sensus
1286 2449 1465 2535 legentium
1486 2472 1556 2538 per-

415 2553 526 2622 venire
548 2552 690 2638 possint,
718 2550 874 2620 brevibus
898 2548 1119 2614 voluminibus
1148 2550 1295 2615 iudicavi
1317 2552 1469 2618 scribere.
1513 2553 1559 2616 ita

416 2653 502 2718 euim
527 2651 684 2739 expedita
717 2661 812 2735 erunt
838 2650 881 2713 ad
909 2650 1175 2737 intellegendum.
1229 2674 1404 2740 eorumque
1431 2654 1558 2719 ordina-

366 2755 520 2819 cotiones
542 2753 672 2817 institui
694 2754 743 2816 uti
758 2775 822 2818 non
838 2753 903 2817 sint
918 2753 1147 2840 quaerentibus
1168 2756 1344 2842 separatim
1365 2753 1559 2841 colligenda,

417 2853 476 2920 sed
499 2876 516 2916 e
538 2875 671 2941 corpore
693 2863 812 2940 uno-et
834 2856 869 2917 in
890 2854 1028 2939 singulis
1044 2854 1263 2920 voluminibus
1286 2879 1441 2941 generum
1462 2857 1560 2921 habe-

418 2964 489 3019 rent
512 2954 756 3041 explicationes.
800 2957 921 3042 itaque,
946 2956 1076 3038 Caesar,
1100 2959 1197 3022 tertio
1215 2967 1247 3021 et
1267 2969 1381 3044 quarto
1397 2957 1562 3022 volumine

418 3056 549 3122 aedium
571 3079 735 3120 sacrarum
756 3058 898 3121 rationes
922 3059 1072 3143 exposui,
1102 3058 1163 3122 hoo
1184 3058 1268 3124 libro
1290 3059 1495 3147 publicorum
1515 3058 1560 3123 lo-

419 3181 530 3226 corum
558 3157 731 3245 expediam
758 3158 999 3245 dispositiones.
1042 3161 1247 3247 primumque
1269 3161 1375 3224 forum
1397 3163 1447 3224 uti
1468 3161 1561 3248 opor·

369 3271 401 3321 25
419 3271 486 3326 teat
508 3262 663 3326 constitui
686 3260 803 3342 dicam,
828 3261 914 3347 quod
936 3262 971 3324 in
993 3283 1030 3326 eo
1046 3271 1078 3325 et
1093 3260 1296 3346 publicarum
1313 3272 1345 3325 et
1358 3259 1562 3347 privatarum

418 3383 528 3430 rerum
548 3364 690 3426 rationes
713 3383 771 3448 per
792 3363 1003 3446 magistratus
1025 3359 1258 3446 gubernantur.

389 3473 404 3522 1
494 3461 626 3526 Graeci
647 3464 682 3525 in
704 3463 863 3547 quadrato
885 3461 1094 3550 amplissimis
1117 3473 1149 3527 et
1171 3462 1358 3552 duplicibus
1381 3464 1561 3550 porticibus
1581 3489 1593 3534 1

419 3562 492 3625 fora
515 3564 716 3626 constituunt
743 3562 929 3649 crebrisque
952 3564 1109 3630 columnis
1133 3575 1165 3628 et
1186 3563 1325 3652 lapideis
1347 3575 1404 3630 aut
1425 3587 1561 3630 marmo-

491 3823 504 3869 1
528 3821 673 3884 Etiamque
695 3820 765 3873 doc:
792 3821 933 3885 Etiamqui
960 3823 1018 3874 ΕΗ.
1047 3818 1059 3887 ll
1087 3823 1187 3886 quique
1210 3823 1231 3872 Ε
1254 3820 1358 3886 (ch0):
1386 3822 1507 3888 quinque
1535 3822 1561 3871 H

423 3903 554 3968 (coclea).
575 3901 587 3971 ll
606 3905 736 3956 heresim:
748 3905 786 3953 sic
800 3905 857 3954 GH.
874 3901 886 3970 ΙΙ
903 3908 917 3953 2
930 3905 1046 3970 cybicis:
1059 3908 1096 3956 sic
1110 3907 1160 3956 ΕΗ
1172 3904 1252 3968 (Llc).
1269 3901 1282 3972 l]
1298 3906 1399 3970 3cybi1
1412 3907 1441 3956 H
1453 3905 1561 3970 (-·bum

423 4005 472 4070 L)z
493 4005 556 4057 cibu
577 4005 598 4057 Ε
617 4004 669 4070 (Ic).
693 4001 705 4071 ΙΙ
732 4003 844 4054 CCXVI
864 4006 934 4056 doc:
960 3991 1194 4059 (Tubucci.
1217 4003 1229 4073 ΙΙ
1252 4001 1561 4072 assuescamus

424 4090 510 4153 cybus
524 4089 574 4139 ΕΗ
591 4088 671 4151 (Llr).
689 4085 701 4155 ll
717 4104 814 4154 corpus
828 4104 876 4138 sex
891 4091 952 4142 Lor.
972 4089 1007 4152 (c.
1023 4105 1057 4145 ex
1069 4091 1108 4140 Vl
1120 4089 1188 4155 ed.):
1208 4104 1305 4156 corpus
1318 4106 1352 4141 ex
1366 4090 1426 4140 ΕΗ.
1441 4086 1455 4156 Η
1471 4091 1487 4139 6
1504 4104 1562 4154 per·

424 4173 587 4238 quadratum
604 4174 673 4227 doe:
692 4177 770 4223 —tus
791 4173 841 4223 ΕΗ
863 4171 940 4238 (Llc).
970 4172 982 4240 ΙΙ
1010 4175 1069 4223 9is
1093 4175 1115 4224 Ε
1137 4174 1211 4238 (1.ch
1235 4175 1278 4224 his
1300 4175 1329 4223 H
1347 4174 1386 4237 (J.
1410 4170 1423 4240 Η
1451 4176 1483 4225 10
1504 4188 1564 4224 ver·

424 4259 496 4355 sium
516 4290 558 4343 00.
573 4288 586 4356 ΙΙ
602 4293 687 4356 cybus
706 4293 734 4341 Η
751 4289 846 4355 (crab
867 4291 944 4342 cibus
964 4256 1055 4354 (cibus
1074 4291 1119 4355 G0)
1141 4292 1226 4356 ΕΜ).
1243 4289 1256 4359 ΙΙ
1273 4295 1304 4342 12
1318 4292 1418 4342 cchoro
1437 4293 1467 4342 H
1484 4290 1562 4355 (ch,

426 4407 521 4461 ethoro
540 4411 561 4466 l,
584 4407 674 4460 &horo
694 4409 748 4472 σωκ
773 4414 801 4459 et
822 4410 888 4460 horo
907 4408 931 4458 G
954 4381 996 4475 (el
1016 4410 1082 4461 horo
1106 4408 1163 4474 G0).
1184 4406 1196 4476 ΙΙ
1220 4413 1251 4460 13
1274 4411 1374 4474 cybica
1391 4410 1420 4459 H
1443 4408 1561 4474 (cettan

427 4524 516 4574 cibios
536 4525 564 4578 θ.
586 4522 597 4590 [Ι
621 4527 653 4574 14
669 4515 767 4590 livent
786 4527 827 4578 ΕΦ.
851 4523 864 4594 ss
887 4532 1010 4579 actorum
1028 4530 1067 4579 ed.
1086 4529 1139 4581 Fa:
1160 4532 1302 4578 auctorum
1322 4528 1380 4578 ΕΗ.
1403 4524 1416 4596 Η
1442 4497 1562 4598 prosilia-

427 4626 516 4672 trones
536 4624 577 4674 6⁶.
599 4620 612 4690 ΙΙ
636 4627 668 4675 17
686 4613 740 4691 qual
760 4627 802 4680 6⁶.
825 4624 837 4693 {l
860 4627 894 4679 18
913 4628 1045 4679 brevibus
1069 4629 1120 4679 ΕΗ
1142 4627 1190 4692 (L,
1213 4628 1336 4679 breviter
1353 4627 1397 4692 tc).
1426 4625 1438 4694 ΙΙ
1466 4630 1498 4678 21
1517 4626 1563 4678 sed

429 4720 558 4770 ecorpore
578 4708 599 4757 Ε
617 4708 701 4772 (Μὴ),
719 4709 917 4776 sedaecorpore
935 4712 964 4760 H
983 4711 1057 4773 (sede
1076 4715 1231 4778 corporale
1248 4719 1275 4763 et
1291 4719 1352 4763 ante
1369 4727 1439 4763 corr.
1457 4710 1502 4775 L).
