3784 5625
593 634 598 643 “
675 662 722 708 ns
745 661 1015 711 Aacnmncrnnn
1039 667 1107 713 um.
1132 668 1153 713 1.
1464 655 1485 717 5

338 816 500 879 inlinitum
529 838 698 879 numerum
732 816 896 880 exercitus
924 817 1098 883 Persarum
1126 842 1199 884 cum
1227 825 1482 907 superavissent,

338 927 410 982 acto
440 922 512 981 culn
545 917 651 1001 gloria
678 917 840 1003 triumpho
869 918 1046 1004 spoliorum
1075 930 1106 985 et
1133 922 1288 1008 praedae,
1322 927 1482 1010 porticum

338 1021 503 1085 Persicam
533 1042 574 1082 ex
603 1019 782 1100 manubiis,
818 1018 924 1084 laudis
953 1032 985 1085 et
1012 1024 1145 1087 virtutis
1180 1025 1301 1088 civium
1328 1027 1481 1111 indicem,
1520 1030 1529 1041 '

337 1122 495 1186 victoriae
510 1122 648 1208 posteris
664 1144 723 1208 pro
738 1131 872 1207 tropaeo
888 1125 1137 1206 constituerunt,
1153 1125 1264 1212 ibique
1280 1129 1481 1212 captivorum

338 1222 511 1290 simulacra
533 1222 703 1287 barbarico
719 1224 822 1287 vestis
845 1233 971 1306 ornatu,
995 1227 1148 1311 superbia
1170 1228 1295 1293 meritis
1317 1238 1516 1293 contumes

337 1326 391 1389 liis
414 1326 545 1411 punita,
574 1326 769 1389 sustinentia
795 1334 917 1389 tectum
945 1325 1212 1411 conlocaverunt,
1240 1331 1288 1394 uti
1318 1340 1349 1394 et
1371 1330 1482 1395 hostes

337 1431 577 1509 horrescerent,
605 1428 721 1491 timore
744 1448 854 1491 corum
876 1427 1079 1493 fortitudinis
1103 1430 1251 1513 effectus,
1281 1440 1313 1495 et
1335 1432 1424 1496 cives
1446 1432 1482 1495 id

337 1528 522 1616 exemplum
544 1529 676 1592 virtutis
698 1529 895 1614 aspicientes
923 1529 1028 1614 gloria
1056 1534 1156 1595 erecti
1177 1532 1219 1595 ad
1241 1532 1481 1597 defendendam

337 1631 521 1696 libertatem
544 1639 653 1693 essent
674 1632 790 1716 parati.
835 1632 946 1717 itaque
967 1654 1009 1696 ex
1030 1655 1067 1697 eo
1082 1632 1176 1697 multi
1192 1643 1316 1700 statuas
1332 1636 1480 1699 Persicas

337 1735 535 1800 sustinentes
564 1730 719 1818 epistylia
747 1741 779 1795 et
807 1743 997 1798 ornamenta
1019 1746 1129 1799 eorum
1152 1734 1419 1818 conlocaverunt,
1449 1746 1481 1799 et
1501 1752 1532 1798 10

336 1838 383 1899 ita
405 1857 447 1898 cx
469 1856 506 1898 co
528 1843 719 1917 argumento
747 1835 923 1899 varietates
951 1838 1099 1920 egregias
1126 1847 1288 1901 auxerunt
1315 1838 1480 1924 operibus.

336 1939 415 2000 item
437 1945 512 2001 sunt
533 1934 617 1998 aliae
639 1935 784 1998 eiusdem
807 1937 936 2019 generis
964 1937 1137 2022 historiae,
1167 1961 1303 2025 quarum
1329 1940 1480 2003 notitiam

303 2038 529 2103 varchitectos
558 2045 668 2100 tenere
698 2047 836 2124 oportet.
880 2037 1087 2126 philosophia
1114 2062 1192 2104 vero
1221 2041 1348 2127 perlicit
1374 2024 1478 2104 archi-

335 2150 456 2206 tectum
483 2140 592 2204 animo
626 2160 743 2223 magno
771 2148 803 2203 et
830 2140 877 2202 uti
904 2162 970 2205 non
999 2143 1042 2205 sit
1068 2141 1247 2227 adrogans,
1281 2143 1340 2206 sed
1370 2144 1479 2228 potius

335 2242 442 2307 facilis
470 2264 591 2328 aequus
621 2250 653 2305 et
680 2240 786 2305 fidelis
815 2242 886 2305 sine
912 2243 1068 2325 avaritia,
1099 2243 1185 2328 quod
1213 2253 1262 2307 cst
1288 2245 1530 2325 maximum,1s

334 2343 459 2408 nullum
482 2345 568 2407 enim
590 2366 671 2429 opus
694 2363 772 2405 vere
794 2343 864 2406 sine
886 2343 951 2405 lide
973 2352 1006 2406 et
1026 2345 1176 2408 castitate
1190 2344 1262 2407 fieri
1277 2354 1395 2429 potest.
1438 2367 1479 2406 nc

335 2449 379 2511 sit
400 2446 539 2531 cupidus
561 2465 666 2530 neque
688 2445 723 2506 in
744 2443 933 2507 muneribus
960 2445 1161 2530 accipiendis
1188 2444 1308 2510 habeat
1334 2446 1479 2508 animum

336 2556 544 2635 occupatum,
573 2546 632 2611 scd
655 2567 727 2609 oum
749 2546 913 2629 gravitate
941 2568 1032 2608 suam
1054 2556 1183 2611 tueatur
1204 2546 1400 2632 dignitatem
1421 2547 1477 2610 bo·

335 2673 409 2713 nam
431 2649 551 2712 famam
572 2646 733 2711 habendo.
779 2647 913 2710 ethaeo
935 2648 1021 2710 enim
1041 2647 1246 2735 philosophia
1273 2648 1478 2735 praescribit.

335 2762 502 2839 praetcrea
529 2750 569 2814 de
598 2772 706 2814 rerum
733 2758 852 2815 natura
880 2771 963 2836 quae
989 2772 1106 2835 graece
1134 2754 1337 2834 φυσιολογια
1359 2750 1530 2816 diciturne

335 2853 540 2942 philosophia
573 2851 731 2940 explieat,
767 2873 863 2938 quam
889 2873 1023 2917 necesse
1051 2863 1100 2918 est
1128 2853 1306 2918 studiosius
1334 2855 1477 2935 novisse,

335 2956 421 3044 quod
443 2955 542 3019 hahet
564 2953 681 3018 multas
706 2963 737 3017 et
760 2955 867 3018 varias
890 2954 1055 3019 naturales
1079 2955 1297 3041 quaestiones,
1319 2964 1356 3019 ut
1379 2957 1476 3019 etiam

335 3060 369 3121 in
390 3079 546 3143 aquarum
569 3054 790 3119 ductionibus.
835 3057 1020 3121 incursibus
1044 3057 1129 3119 enim
1152 3065 1184 3119 et
1199 3057 1479 3121 circumitionibus

335 3170 367 3223 ct
389 3158 508 3223 librata
529 3157 666 3244 planitie
688 3157 955 3243 expressionibus
978 3156 1112 3244 spiritus
1134 3156 1298 3223 naturales
1320 3158 1477 3242 aliteryat-

335 3285 397 3348 que
419 3260 514 3324 aliter
535 3260 633 3341 fiunt,
662 3282 798 3346 quonrm
831 3258 1065 3324 offensionibus
1092 3258 1215 3323 mederi
1242 3281 1336 3323 nemo
1358 3261 1478 3346 poterit
1495 3269 1528 3316 25

335 3364 399 3428 nisi
415 3366 470 3450 qui
486 3385 527 3425 cx
542 3360 750 3448 philosophia
764 3361 925 3446 prinoipia
945 3383 1053 3424 rerum
1074 3370 1208 3425 naturae
1222 3362 1362 3426 noverit.
1397 3363 1477 3426 item

335 3465 391 3551 qui
407 3464 545 3529 Ctesibii
561 3473 617 3527 aut
632 3463 841 3527 Archimedis
863 3471 895 3525 et
910 3472 1092 3526 ceterorum
1116 3463 1172 3549 qui
1188 3463 1333 3528 eiusdem
1348 3465 1477 3548 generis

333 3574 507 3653 praecepta
535 3566 797 3650 conscripserunt
823 3563 928 3648 leget,
958 3566 1079 3629 sentire
1106 3587 1171 3629 non
1197 3567 1318 3652 poterit
1339 3567 1404 3630 nisi
1421 3565 1476 3629 'his

334 3783 427 3831 deinde
445 3780 620 3844 hagellillae
637 3780 754 3845 polidos)
773 3787 880 3846 utraque
897 3783 1004 3830 lectione
1021 3783 1096 3830 iuxta
1111 3783 1199 3843 posita
1221 3780 1259 3843 (ut
1276 3782 1347 3844 infra
1365 3783 1392 3831 in
1409 3782 1431 3831 G
1446 3798 1475 3845 p.

336 3870 359 3928 8,
371 3869 396 3915 4.
407 3865 442 3927 cf.
453 3868 476 3922 6,
490 3864 526 3927 2).
547 3861 559 3931 l}
580 3864 706 3914 Plataico
719 3862 866 3928 (Plataeeo
877 3864 959 3928 dccl:
974 3867 1071 3930 pitalco
1083 3865 1141 3915 GH.
1157 3861 1169 3930 ΙΙ
1187 3864 1341 3916 3manibiis
1351 3869 1371 3915 10
1380 3873 1406 3915 et
1417 3872 1477 3915 arete

335 3966 404 4001 corr.
415 3966 438 4011 c,
452 3949 578 3998 manibus
590 3947 678 4010 l-b3)
692 3956 828 3999 antecorr.
838 3953 854 4001 l.
866 3945 879 4015 {l
890 3949 1017 3999 inducam
1030 3958 1089 3998 ante
1098 3965 1167 4002 corr.
1180 3949 1209 3999 G.
1222 3946 1234 4014 ss
1249 3951 1266 3998 4
1278 3953 1373 4013 tropae
1387 3948 1414 4014 (a
1426 3947 1476 4010 G)o

338 4035 400 4084 GH:
419 4033 534 4097 tropheo
553 4030 707 4096 (LPptlclr).
727 4029 739 4098 {l
761 4033 859 4083 offitia
876 4034 904 4095 (i.
925 4050 948 4086 e.
967 4034 1080 4096 mentis)
1098 4034 1137 4083 ch.
1161 4030 1172 4098 ll
1196 4033 1355 4083 leffectus:
1373 4034 1411 4081 sic
1426 4033 1477 4082 GH

336 4118 373 4181 (in
393 4134 451 4181 pen.
474 4117 523 4182 sp.)
552 4113 563 4182 ΙΙ
592 4119 607 4166 9
630 4115 709 4165 multi
731 4120 841 4167 statuas
865 4116 1018 4182 GH⁶(Lpl):
1049 4117 1142 4166 multis
1160 4120 1269 4166 statuas
1295 4124 1354 4166 ante
1376 4132 1430 4168 ras.
1449 4118 1477 4165 H

337 4200 438 4266 (Ptol).
462 4197 474 4267 ΙΙ
498 4199 619 4264 10(-11)
640 4205 667 4249 et
684 4201 725 4249 ita
737 4201 911 4265 —operibus
931 4202 983 4250 GH
995 4200 1098 4264 (LPpp
1117 4216 1168 4249 om.
1193 4200 1256 4249 blcla
1280 4197 1292 4266 Η
1321 4202 1352 4250 13
1370 4204 1477 4265 oportet

336 4288 406 4337 doc:
426 4290 553 4351 oporteat
572 4286 630 4334 GH.
654 4281 666 4350 ΙΙ
690 4284 721 4333 18
739 4299 829 4333 suam:
849 4286 898 4349 tufa
916 4289 964 4337 susi
981 4287 1013 4335 L.
1034 4280 1046 4349 ΙΙ
1070 4287 1101 4333 19
1121 4287 1149 4334 et
1166 4284 1248 4336 haec:
1270 4287 1308 4335 sr‘c
1327 4285 1385 4337 GH.
1408 4282 1421 4351 ΙΙ
1443 4288 1476 4336 20

337 4369 512 4435 physiologia
536 4371 566 4418 H
582 4368 624 4433 (P,
642 4367 809 4433 phisiologia
832 4371 940 4434 chbzch
963 4377 989 4420 et
1011 4372 1037 4418 in
1058 4383 1137 4433 marp.
1160 4378 1200 4432 οὔ,
1218 4368 1393 4435 philosophia
1415 4387 1429 4419 c
1450 4377 1476 4420 et

336 4456 461 4525 antegips.
475 4470 543 4504 corr.
561 4451 613 4517 Ll),
632 4453 788 4518 phisioloya
808 4454 837 4508 G.
854 4450 865 4520 ΙΙ
882 4456 914 4503 21
928 4443 1111 4519 philosophda
1127 4470 1153 4517 p.
1175 4450 1235 4519 {122
1253 4455 1356 4504 habeat
1372 4472 1398 4518 p.
1415 4451 1476 4519 1126

337 4529 446 4608 pruibra
465 4564 487 4594 c.
513 4543 524 4612 {l
547 4549 580 4595 27
599 4545 718 4596 Ctesibii
734 4547 807 4598 doc:
827 4547 976 4597 cuthelbra
989 4546 1019 4609 G,
1038 4561 1099 4595 cum
1115 4543 1119 4610 Ι
1134 4547 1247 4597 thellna
1265 4548 1294 4596 H
1311 4546 1356 4610 (cir
1368 4547 1476 4597 thesbra

338 4629 451 4693 LPblclr,
470 4633 538 4695 cirq3
557 4631 664 4696 thelbre
676 4631 716 4696 p).
729 4627 742 4697 ll
755 4631 876 4683 eiusdem
890 4631 941 4681 GH
953 4628 998 4694 (L,
1017 4632 1077 4680 eius
1095 4630 1169 4681 modi
1180 4632 1297 4696 Ppbzct).
1321 4627 1333 4697 ΙΙ
1355 4634 1388 4681 28
1400 4632 1476 4695 leget

339 4714 454 4763 sentire:
472 4716 508 4764 sic
529 4716 587 4764 GH.
