3784 5625
379 649 422 715 58
868 664 1028 711 vrrncvn

380 817 531 905 operibns
560 839 634 880 cum
662 816 864 880 fabricantur
890 815 999 881 lentae
1028 826 1061 881 et
1081 816 1125 881 ab
1151 815 1295 902 pondere
1315 816 1438 880 umoris
1459 838 1528 879 non

380 920 500 984 babent
521 921 662 1004 rigorem
684 929 717 983 et
739 918 889 982 celeriter
910 918 1066 1006 pandant.
1110 917 1208 982 simul
1228 928 1339 982 antem
1360 927 1527 982 vetustate

379 1032 455 1085 sunt
475 1021 587 1085 aridae
607 1020 714 1086 factae
735 1031 793 1084 ant
814 1022 849 1084 in
874 1042 955 1105 agro
977 1021 1121 1106 proiecto
1143 1022 1200 1107 qni
1221 1022 1306 1084 inest
1329 1023 1377 1085 cis
1398 1019 1527 1108 liquore

380 1134 503 1188 stantes
539 1124 759 1204 emoriuntur,
792 1122 875 1185 fiunt
911 1122 1060 1185 duriores
1096 1132 1129 1185 et
1165 1124 1200 1185 in
1235 1123 1457 1186 commissuris
1493 1132 1527 1187 et

344 1241 361 1288 5
378 1225 713 1309 coagmentationibus
727 1224 771 1288 ab
785 1223 982 1287 lentitudine
995 1223 1106 1287 firmas
1120 1224 1282 1311 recipiunt
1292 1224 1528 1289 catenatioues.

378 1329 458 1391 item
490 1328 642 1414 carpinus
677 1326 765 1413 qnod
797 1335 848 1389 est
878 1326 1014 1389 minima
1041 1327 1129 1410 ignis
1157 1337 1190 1390 et
1212 1327 1334 1390 terreni
1354 1325 1526 1406 mixtione,
1547 1340 1576 1386 12

378 1431 464 1493 aeris
490 1439 600 1493 autem
627 1439 660 1493 et
687 1429 810 1493 umoris
832 1449 958 1490 summa
984 1429 1170 1492 continetur
1195 1438 1432 1513 temperatura,
1460 1450 1528 1491 uon

380 1540 430 1594 est
462 1530 590 1614 fragilis
624 1529 683 1593 sed
714 1529 814 1593 habet
846 1527 1055 1593 utilissimam
1087 1528 1365 1593 tractabilitatem.
1415 1530 1528 1616 itaque
1575 1532 1581 1534 ’

381 1631 500 1696 Graeci
511 1631 599 1719 quod
610 1653 654 1695 ex
664 1653 701 1694 ea
710 1632 848 1695 materia
858 1632 936 1715 iuga
948 1632 1103 1695 iumentis
1118 1641 1319 1718 comparant,
1335 1630 1424 1716 quod
1436 1630 1528 1719 apud

331 1750 364 1799 ιο
381 1755 436 1798 eos
457 1736 536 1819 iuga
556 1738 639 1816 ζυγα
660 1734 864 1814 vocitantur,
885 1734 965 1796 item
987 1734 1120 1821 zygiam
1142 1755 1213 1795 eam
1234 1730 1411 1819 appellant.
1461 1755 1528 1797 non

380 1837 488 1899 minus
515 1847 566 1899 est
591 1834 821 1899 admirandum
847 1833 890 1896 de
916 1857 1072 1920 cupresso
1095 1847 1127 1900 et
1149 1836 1246 1921 pinu,
1275 1834 1363 1921 qnod
1390 1855 1448 1897 eae
1469 1834 1526 1897 ba-

380 1938 496 2001 bentes
510 1938 633 2001 umoris
647 1936 885 2001 abundantiam
897 1959 1100 2023 aequamque
1111 1945 1301 2008 ,ceterorum
1322 1937 1527 2017 mixtionem,

380 2051 513 2127 propter
545 2040 667 2103 umoris
699 2040 885 2103 satietatem
917 2040 954 2101 in
979 2040 1134 2126 operibus
1162 2038 1268 2104 solent
1295 2060 1368 2101 esse
1387 2038 1526 2125 pendae,

380 2141 441 2205 sed
461 2144 498 2205 in
518 2151 715 2206 vetustatem
736 2143 809 2205 sine
835 2141 928 2205 vitiis
950 2151 1206 2222 conservantur,
1238 2140 1327 2226 qnod
1358 2142 1388 2204 is
1420 2139 1528 2227 liquor

331 2260 364 2307 15
381 2247 438 2331 qni
452 2248 538 2309 inest
551 2244 683 2331 penitus
697 2244 733 2305 in
747 2243 938 2329 corporibus
960 2266 1071 2306 aarum
1091 2243 1191 2307 habet
1204 2265 1351 2305 amarum
1365 2264 1526 2329 saporem,

381 2348 438 2434 qni
458 2357 592 2434 propter
611 2344 829 2409 acritudinem
849 2368 915 2409 non
935 2345 1061 2431 patitur
1088 2356 1260 2431 penetrare
1280 2346 1400 2407 cariem
1421 2366 1526 2430 neque

381 2471 437 2511 eas
458 2447 614 2513 bestiolas
643 2469 726 2534 qnae
748 2458 824 2511 sunt
845 2457 1012 2513 nocentes.
1059 2446 1200 2533 ideoque
1227 2468 1310 2533 qnae
1332 2468 1375 2510 ex
1396 2446 1448 2510 his
1469 2468 1525 2531 ge·

379 2550 515 2614 neribus
542 2572 641 2637 opera
669 2550 911 2614 constituuntur
936 2563 1128 2637 permanent
1148 2549 1193 2612 ad
1212 2559 1379 2612 aeternam
1400 2547 1525 2612 diutur-

381 2654 528 2716 nitatem.
577 2653 657 2715 item
686 2650 804 2716 cedrus
831 2662 865 2715 et
891 2654 1062 2739 iuniperus
1089 2650 1222 2715 easdem
1242 2650 1365 2715 babent
1386 2653 1525 2715 virtutes
1542 2662 1572 2709 13

330 2769 365 2816 20
382 2764 415 2818 et
435 2752 606 2833 utilitates,
629 2752 689 2817 sed
710 2752 984 2840 quemadmodum
1005 2776 1048 2819 ex
1076 2775 1229 2842 cupresso
1251 2763 1284 2818 et
1304 2754 1385 2841 pinu
1405 2753 1525 2834 resina,

383 2878 426 2919 ex
440 2854 538 2918 cedro
560 2853 668 2918 oleum
689 2855 777 2941 qnod
798 2855 951 2919 cedreum
973 2856 1095 2920 dicitur
1115 2857 1272 2938 nascitur,
1294 2879 1358 2943 quo
1379 2854 1526 2942 reliquae

382 2979 435 3020 res
463 2979 537 3041 cnm
559 2966 634 3019 sunt
656 2966 795 3039 unctae,
827 2958 877 3021 nti
898 2959 997 3021 etiam
1019 2956 1107 3038 libri,
1138 2981 1160 3020 a
1180 2959 1278 3022 tineis
1300 2969 1332 3022 et
1353 2959 1442 3020 carie
1461 2980 1526 3021 non

383 3057 567 3122 laeduntur.
615 3057 742 3123 arboris
769 3071 878 3124 antem
905 3061 975 3123 eius
1002 3070 1051 3123 est
1079 3059 1196 3124 similis
1218 3081 1413 3145 cupresseae
1433 3059 1524 3124 folia-

383 3174 473 3240 tura,
496 3161 647 3224 materies
667 3182 751 3223 vena
771 3159 906 3226 directa.
951 3184 990 3226 ea
1010 3161 1136 3249 Ephesi
1157 3163 1192 3225 in
1212 3160 1294 3225 aede
1315 3159 1525 3226 simulacrum

452 3339 466 3382 1
484 3340 514 3384 et
532 3335 567 3384 ab
585 3333 723 3398 pondere:
739 3337 778 3384 stc
797 3335 856 3388 GH.
879 3332 892 3400 ΙΙ
914 3338 930 3384 2
948 3335 1073 3400 pandunt
1091 3335 1127 3384 G‘
1144 3333 1241 3397 (solas).
1263 3330 1277 3400 [l
1302 3338 1319 3385 3
1336 3335 1462 3399 proiecto
1479 3349 1525 3397 eoo

383 3420 419 3479 cs.
430 3437 457 3481 p.
470 3423 513 3474 ⁵0,
524 3420 585 3478 nl:
603 3419 699 3481 picoto
717 3419 777 3471 GH.
793 3417 806 3484 ΙΙ
823 3420 870 3482 qni
887 3419 962 3468 inest
978 3420 1020 3468 eis
1037 3419 1144 3483 liquore
1166 3420 1251 3472 Hm:
1271 3420 1320 3482 qui
1337 3426 1381 3469 est
1399 3419 1474 3482 (quie
1492 3419 1524 3479 G)

383 3504 426 3552 cis
436 3503 528 3567 liquor
541 3503 600 3552 GH.
616 3499 659 3567 {lli
678 3509 707 3552 et
723 3505 774 3554 del.
793 3505 829 3554 G⁶
841 3504 886 3568 (cs.
897 3521 926 3568 p.
939 3509 981 3564 δῖ,
1000 3507 1068 3566 213).
1091 3501 1104 3567 {l
1126 3506 1160 3554 lo
1175 3521 1245 3569 ¹5⁸⁸
1264 3505 1292 3552 H
1302 3501 1407 3567 (ΙΝ),
1426 3504 1488 3553 ain
1503 3504 1524 3553 G

384 3586 440 3649 (le).
450 3584 463 3651 {l
475 3587 577 3650 ζυγιαν
595 3586 663 3649 (Joe.
679 3595 705 3637 et
717 3589 783 3641 Phr.
800 3605 838 3639 ex
853 3590 920 3639 Pus.
939 3592 981 3650 1⁶,
993 3591 1037 3650 65)
1055 3604 1129 3640 earm
1149 3591 1276 3654 zigaeam
1288 3590 1326 3653 H,
1344 3590 1412 3654 siga
1429 3605 1491 3638 earn
1503 3589 1524 3638 G

383 3672 452 3734 Ltc).
477 3669 491 3736 ΙΙ
514 3674 543 3721 ll
563 3672 732 3737 decnpresso
749 3671 876 3738 (-preso
892 3680 954 3724 nte
975 3690 1046 3725 corr.
1063 3672 1104 3738 H)
1128 3674 1180 3723 GH
1202 3671 1263 3735 (sed
1278 3674 1312 3724 de
1332 3675 1437 3738 mats
1457 3675 1524 3722 dotet

385 3791 428 3862 ee,
445 3789 536 3850 sous).
558 3787 571 3855 ιι
592 3761 658 3855 „nt
675 3792 712 3840 rr.
734 3789 748 3856 ι
770 3807 821 3841 eae
844 3792 885 3843 11:
909 3792 964 3841 hae
986 3792 1009 3841 o
1026 3791 1069 3853 (r,
1093 3791 1128 3858 ιη
1145 3795 1167 3848 ι,
1184 3791 1220 3842 ne
1238 3792 1290 3855 es).
1313 3789 1327 3857 ιι
1354 3794 1389 3841 14
1410 3791 1456 3840 ms
1475 3791 1525 3840 on

385 3872 448 3936 (Ich,
473 3874 497 3922 is
521 3873 601 3936 ech).
629 3871 642 3939 ΙΙ
670 3876 702 3924 16
725 3876 790 3935 sort
812 3891 902 3940 neque
924 3877 1015 3926 tineas
1042 3873 1186 3940 [bestiolas
1208 3891 1282 3940 quae
1304 3881 1370 3926 sunt
1391 3880 1524 3926 nocentes

381 3954 473 4023 plora]
492 3959 528 4021 cs.
547 3960 613 4012 Pei».
632 3962 673 4015 10.
690 3963 746 4009 223
767 3957 806 4024 (et
822 3977 883 4011 note
899 3979 923 4011 υ.
942 3965 978 4010 22
995 3968 1020 4010 et
1037 3978 1063 4024 ρ.
1080 3965 1122 4018 59,
1140 3960 1178 4024 6).
1197 3958 1210 4025 ΙΙ
1232 3964 1267 4010 20
1284 3957 1419 4026 cupre(ae
1436 3961 1524 4025 H)ssu

383 4045 451 4107 pinu
469 4043 520 4092 GH
537 4044 582 4107 (tc,
601 4059 736 4108 cupressu
752 4047 776 4093 ἃ
796 4046 864 4109 pinu
880 4046 926 4108 L).
948 4042 962 4110 Ι]
980 4047 1013 4094 21
1032 4044 1117 4094 eedru
1133 4053 1194 4095 nte
1211 4062 1281 4096 corr.
1301 4046 1331 4095 G.
1355 4044 1368 4110 ΙΙ
1394 4045 1523 4096 cedrenm

384 4130 425 4177 ed.
444 4127 578 4189 (cedrium
595 4129 664 4178 Ptin.
683 4132 724 4185 1⁶,
742 4128 802 4191 ⁵2):
827 4129 949 4179 eidreum
966 4130 1018 4179 GH
1035 4130 1139 4192 (cedria
1155 4130 1230 4194 ιβ.)
1253 4127 1266 4194 fl
1288 4145 1342 4194 qno
1359 4129 1442 4193 reliq²
1462 4130 1525 4194 (an

385 4211 431 4274 Ge)
451 4212 480 4268 G,
499 4211 639 4278 coreliquq
656 4213 688 4261 H
709 4213 775 4276 (quo
792 4213 907 4277 reliquae
925 4216 949 4269 1,
971 4229 1056 4278 -qne
1074 4231 1101 4272 c,
1125 4230 1159 4264 eo
1177 4214 1294 4278 reliquae
1311 4216 1356 4275 L).
1376 4211 1390 4279 ΙΙ
1411 4217 1446 4264 22
1462 4219 1526 4264 sunt

386 4295 438 4344 GH
459 4295 507 4357 (L,
526 4297 583 4346 sint
601 4296 682 4359 uere).
705 4293 720 4362 [Ι
745 4295 888 4361 unctaele)
910 4298 964 4347 GH
984 4298 1032 4359 (L,
1055 4299 1149 4364 iuncte
1166 4297 1211 4362 tel.
1234 4295 1247 4363 ΙΙ
1268 4301 1303 4350 23
1320 4299 1429 4350 arboris
1446 4300 1523 4349 Pht:
1560 4358 1563 4362 A

385 4381 498 4429 arbores
511 4380 563 4429 GH
581 4381 625 4443 (L,
644 4382 757 4433 ardores
773 4383 819 4443 lc).
839 4378 853 4448 fl
875 4388 918 4432 est
934 4383 1034 4433 similis
1053 4399 1219 4449 cupresseae
1230 4384 1366 4434 foliatum
1382 4399 1443 4449 eqo:
1461 4388 1526 4433 sunt

385 4463 490 4513 similes
512 4462 594 4527 (-lis
616 4464 841 4533 chnpresieae
863 4467 1015 4518 foliaturae
1038 4466 1181 4533 (cupresse
1204 4468 1391 4519 aetofistune
1412 4470 1447 4530 G)
1475 4467 1527 4518 GH

385 4548 458 4608 (ue,
475 4550 525 4598 sed
539 4549 575 4597 G‘
590 4549 680 4599 delen
695 4551 757 4600 eins
777 4559 805 4601 et
820 4556 935 4602 —tnrae
951 4555 990 4602 sic
1005 4555 1079 4618 leuitt
1099 4554 1212 4603 arbores
1229 4559 1322 4604 autem
1339 4557 1405 4604 sunt
1421 4553 1524 4604 similes

386 4646 515 4697 cupresso
527 4631 664 4696 aetolia).
679 4631 693 4698 ΙΙ
706 4636 741 4683 21
752 4635 940 4686 renadirecta
951 4637 1002 4686 GH
1014 4637 1061 4699 (cs.
1069 4654 1096 4700 p.
1105 4640 1147 4698 ⁶0,
1158 4637 1216 4699 18):
1226 4638 1291 4699 [ort.
1301 4639 1389 4689 ebeno
1401 4638 1525 4688 diuecta

385 4714 432 4776 (sc.
451 4715 548 4766 anilis
565 4722 618 4766 est.
635 4717 671 4781 cs.
683 4717 752 4767 Pus.
764 4721 804 4776 10,
817 4719 892 4780 123).
907 4716 920 4784 Ιι
936 4721 971 4768 ct
988 4727 1048 4770 nte
1060 4721 1165 4786 Ephesi
1182 4720 1309 4786 (sepbesi
1319 4719 1361 4787 H)
1377 4738 1425 4787 eqo
1435 4721 1525 4774 didi
