3784 5625
700 697 746 744 on
766 697 1035 747 maenianorum
1058 702 1126 748 mn.
1150 703 1196 749 ιν.
1463 694 1506 757 85

367 840 618 917 constituerunt«
634 859 666 916 et
693 873 851 915 summam
878 854 1009 940 imperii
1036 862 1230 940 potestatem
1257 856 1330 921 Ioni
1353 858 1458 923 Xuthi
1482 874 1514 927 et

368 953 511 1019 Creusae
544 951 612 1017 filio
628 952 817 1037 dederunt,
852 977 946 1041 quem
975 956 1074 1019 etiam
1101 955 1220 1043 Apollo
1251 956 1392 1044 Delphis
1419 983 1513 1027 suum

366 1053 471 1119 lilium
485 1055 520 1117 in
534 1055 699 1141 responsis
723 1064 772 1119 est
794 1056 972 1142 professus,
996 1058 1088 1144 isque
1104 1079 1158 1121 eas
1175 1057 1317 1122 colonias
1340 1061 1374 1124 in
1396 1062 1512 1127 Asiam

367 1157 507 1221 deduxit
535 1164 567 1221 et
590 1156 705 1221 Cariae
733 1156 813 1221 fines
842 1159 1016 1243 occupavit
1043 1158 1154 1245 ibique
1176 1150 1327 1225 civitates
1349 1162 1511 1249 amplissi-

367 1281 436 1323 mas
464 1260 634 1324 constituit
661 1258 847 1345 Ephesum,
875 1258 1041 1343 Miletum,
1070 1260 1224 1348 Myunta,
1256 1283 1337 1346 quae
1364 1263 1441 1328 olim
1468 1265 1545 1331 aba

366 1383 451 1448 aqua
479 1369 527 1424 est
550 1359 726 1442 devorata,
756 1362 846 1425 cuius
870 1382 963 1436 sacra
985 1371 1017 1424 et
1039 1361 1230 1447 suffragium
1251 1362 1390 1429 Milesiis
1413 1364 1510 1431 Iones

365 1462 600 1547 attribuerunt,
633 1462 789 1545 Prienen,
827 1460 977 1545 Samum,
1011 1462 1118 1547 Teon,
1148 1462 1351 1551 Colophona,
1380 1466 1509 1551 Chium,

366 1563 545 1652 Erythras,
561 1562 758 1648 Phocaeam,
782 1562 1011 1646 Clazomenas,
1034 1564 1206 1648 Lebedon,
1229 1564 1509 1633 Meliten—haec

365 1665 479 1731 Melite
507 1673 640 1753 propter
667 1666 789 1729 civium
815 1664 1041 1751 adrogantiam
1068 1666 1110 1731 ab
1138 1666 1189 1731 his
1212 1668 1402 1734 civitatibus
1425 1668 1511 1735 bello

365 1768 489 1832 indicto
505 1768 667 1831 communi
682 1766 818 1832 consilio
841 1777 890 1832 est
912 1766 1056 1851 sublata,
1081 1769 1172 1833 cuius
1195 1768 1265 1833 loco
1287 1779 1401 1857 postea
1422 1773 1509 1856 regis
1529 1792 1561 1840 10

365 1868 472 1934 Attali
495 1877 526 1933 et
547 1869 704 1933 Arsinoes
726 1868 885 1934 beneficio
900 1868 1152 1956 Smyrnaeorum
1174 1871 1291 1934 civitas
1313 1872 1399 1935 inter
1412 1872 1509 1937 Ionas

330 1958 416 2036 test
442 1980 590 2057 recepta:
618 1971 680 2033 hae
707 1970 858 2034 civitates
888 1993 962 2036 cum
985 1970 1084 2036 Caras
1108 1980 1140 2035 et
1161 1971 1300 2055 Lelegas
1324 1974 1508 2056 eiecisscnt,

366 2094 438 2152 eam
464 2081 571 2136 terrae
597 2073 764 2157 regionem
785 2094 804 2135 a
827 2071 908 2136 duce
930 2095 988 2136 suo
1010 2072 1090 2137 Ione
1111 2072 1360 2160 appellaverunt
1382 2074 1507 2139 Ioniam

365 2174 476 2260 ibique
510 2172 644 2238 deorum
676 2172 895 2238 inmortalium
923 2173 1045 2260 templa
1071 2176 1304 2239 constituentes
1333 2187 1509 2261 coeperunt

363 2276 441 2339 sana
462 2275 651 2359 aedificare,
681 2286 713 2340 et
739 2277 879 2361 primum
901 2274 1048 2363 Apollini
1070 2276 1228 2341 Panionio
1248 2273 1367 2339 ‘aedem
1389 2278 1437 2341 uti
1459 2278 1507 2340 vi·
1529 2301 1560 2347 15

364 2378 480 2442 derant
498 2378 532 2466 in
547 2376 673 2441 Achaia
688 2378 925 2442 constituerunt
942 2386 976 2441 et
989 2399 1060 2439 eam
1075 2377 1229 2440 Doricam
1249 2375 1508 2463 appellaverunt,
1571 2381 1573 2384 ’

365 2478 452 2567 quod
479 2479 514 2570 in
540 2478 685 2543 Dorieon
713 2479 902 2542 civitatibus
929 2478 1071 2565 primum
1098 2477 1218 2541 factam
1247 2499 1284 2542 eo
1310 2499 1430 2563 genere
1457 2479 1506 2540 vi-

330 2601 345 2649 6
364 2581 490 2670 derant.
534 2581 570 2644 in
592 2602 630 2643 ea
647 2578 731 2643 aede
754 2602 828 2644 cum
850 2578 1030 2644 voluissent
1053 2577 1216 2644 columnas
1240 2577 1419 2662 conlocare,
1441 2601 1507 2643 non

363 2683 520 2748 habentes
550 2684 754 2769 symmetrias
784 2702 894 2745 earum
917 2692 950 2746 et
972 2691 1162 2767 quaerentes
1186 2681 1302 2767 quibus
1324 2679 1505 2745 rationibus

364 2785 494 2850 efficere
522 2792 654 2872 possent
682 2785 741 2875 uti=
758 2793 790 2848 et
817 2782 860 2846 ad
887 2805 968 2848 onus
991 2782 1162 2848 ferendum
1185 2791 1293 2849 essent
1315 2783 1452 2848 idoneae
1474 2792 1506 2846 et
1524 2815 1557 2863 20

363 2890 397 2952 in
418 2897 552 2975 aspectu
574 2887 745 2973 probatam
767 2886 925 2950 haberent
948 2895 1167 2968 venustatem,
1196 2884 1336 2949 dimensi
1358 2895 1434 2950 sunt
1456 2887 1505 2949 vi-

363 2989 433 3053 rilis
462 2988 556 3077 pedis
585 2989 760 3073 vestigium
789 2997 820 3051 et
849 2986 885 3052 id
911 2986 1093 3053 retulerunt
1115 2989 1149 3051 in
1169 2986 1387 3052 altitudinem,
1432 3010 1505 3051 cum

362 3093 567 3157 invenissent
582 3091 700 3179 pedem
716 3097 843 3154 sextam
862 3099 990 3176 partem
1012 3111 1082 3153 esse
1104 3088 1286 3152 altitudinis
1309 3090 1342 3152 in
1363 3087 1505 3171 homine,

362 3195 451 3258 idem
465 3195 500 3258 in
522 3192 704 3257 columnam
724 3190 959 3256 transtulerunt
982 3199 1014 3254 et
1036 3212 1099 3276 qua
1121 3189 1337 3254 crassitudine
1358 3189 1506 3253 fecerunt

361 3296 469 3361 basim
497 3296 602 3383 scapi,
631 3302 736 3359 tantas
765 3314 825 3356 sex
851 3314 923 3356 cum
952 3290 1094 3378 capitulo
1122 3292 1156 3354 in
1180 3290 1388 3355 altitudinem
1411 3302 1503 3355 extu·
1522 3322 1554 3369 ‘25

362 3399 479 3462 lerunt.
529 3399 576 3462 ita
605 3397 716 3461 dorica
738 3393 886 3459 columna
913 3392 1019 3457 virilis
1043 3395 1186 3481 corporis
1208 3394 1450 3480 proportionem
1473 3402 1504 3457 et

362 3499 559 3564 firmitatem
572 3508 604 3563 et
627 3506 829 3562 venustatem
851 3497 886 3560 in
907 3494 1065 3560 aedificiis
1087 3504 1254 3582 praestare
1276 3495 1393 3582 coepit.

431 3658 444 3704 l
464 3657 525 3707 Ioni
543 3655 631 3705 Xuthi
649 3659 678 3704 et
696 3654 817 3703 Creusae
830 3652 900 3703 dea:
919 3652 996 3701 ionir
1008 3649 1211 3716 uthietlereuso
1232 3651 1261 3709 Ε,
1280 3651 1370 3703 ionix.
1381 3650 1503 3702 utha&-

363 3755 461 3791 ereuso
484 3740 515 3788 H
535 3738 700 3818 (ionixvuthi
718 3737 743 3787 dr
761 3751 894 3787 eureusae
913 3735 958 3800 L).
979 3731 991 3802 Η
1011 3739 1027 3785 5
1045 3735 1226 3801 marmana
1246 3736 1304 3785 GH.
1321 3732 1333 3801 ΙΙ
1353 3736 1368 3783 6
1385 3734 1504 3783 Milesiis

362 3839 424 3905 (L):
444 3841 565 3890 milesius
586 3840 644 3890 ΕΗ.
668 3836 679 3905 ll
703 3835 920 3905 ipre(eG)nem
940 3837 994 3886 ΕΗ
1009 3836 1143 3902 (praenen
1160 3834 1204 3899 L).
1231 3833 1243 3901 ΙΙ
1270 3835 1355 3885 theon
1376 3835 1429 3884 ΕΗ
1449 3833 1502 3896 (sa-

363 3925 494 3976 mutheon
516 3931 576 3974 ante
599 3940 667 3975 corr.
693 3924 735 3986 Ε).
763 3920 776 3988 ΙΙ
803 3920 1031 3986 coloponachium
1050 3923 1103 3971 GH
1123 3918 1252 3984 (colopon
1268 3956 1274 3968 .
1289 3919 1400 3968 echium
1422 3917 1466 3981 L).
1489 3914 1499 3976 Ἰ

362 4013 378 4060 8
401 4008 580 4074 ery(iG)tras¹
600 4009 659 4060 ΕΗ.
687 4004 700 4075 ΙΙ
727 4008 833 4072 phocea
857 4006 916 4056 ΕΗ.
945 4002 958 4072 Η
985 4005 1175 4071 glazomennm
1196 4005 1255 4056 ΕΗ.
1283 3997 1296 4067 ΙΙ
1323 4000 1440 4052 lebedon
1458 4001 1500 4047 H:

446 4091 492 4136 ton

361 4144 477 4211 glebede
496 4145 517 4195 Ε
535 4141 592 4207 (vel
610 4159 645 4194 on
665 4129 719 4207 Εὖ),
740 4140 752 4208 ΙΙ
772 4145 787 4191 9
805 4142 933 4192 Meliten:
953 4140 1097 4191 meletenia
1117 4139 1175 4189 ΕΗ.
1199 4133 1212 4202 Η
1235 4139 1264 4185 11
1290 4134 1370 4185 attali
1392 4135 1425 4181 H
1440 4130 1499 4197 (L):

361 4229 432 4280 atali
457 4227 478 4278 Ε
500 4227 586 4291 (attili
607 4232 627 4286 t,
651 4227 714 4278 atili
731 4225 793 4288 etl„
811 4223 823 4291 ΙΙ
850 4225 1022 4301 ψὶγηαεψιο
1036 4224 1153 4287 H)orum
1173 4221 1225 4271 GH
1246 4218 1436 4283 (smirneorum
1453 4219 1501 4266 Ltc

360 4318 386 4363 et
406 4311 460 4376 0⁶).
482 4307 494 4378 ΙΙ
518 4313 549 4362 15
567 4312 701 4362 Panionio
720 4312 790 4361 Joa:
811 4308 961 4373 pandionio
981 4309 1039 4359 ΕΗ.
1063 4304 1075 4373 ΙΙ
1103 4309 1134 4357 17
1156 4304 1278 4368 Dorieon
1296 4304 1365 4352 doc:
1389 4302 1502 4352 doricon
1545 4352 1548 4367 ἱ

362 4396 426 4462 ΕΗ),
447 4396 579 4447 dorichon
596 4398 625 4444 H
644 4396 730 4460 (aco).
754 4391 766 4460 Η
789 4394 916 4443 viderant
934 4393 1025 4444 Sota:
1050 4390 1179 4442 viderunt
1198 4389 1256 4439 ΕΗ.
1280 4384 1292 4453 ΙΙ
1316 4390 1416 4439 18-20
1440 4403 1501 4437 cum

360 4482 559 4534 volnissent-
573 4487 686 4546 possent
704 4497 750 4533 om.
772 4479 792 4529 Ε
810 4477 870 4542 (sed
885 4479 911 4525 in
928 4477 976 4538 inf.
994 4492 1073 4540 marg.
1097 4478 1198 4539 supplet
1222 4476 1302 4525 G⁶=
1313 4471 1410 4536 HLlc).
1433 4467 1446 4536 ll
1468 4473 1501 4522 20

360 4563 520 4649 potuissent
539 4583 581 4637 60.
605 4579 617 4648 ΙΙ
641 4581 756 4632 ferendir
774 4584 787 4629 c
806 4579 864 4644 (pro
883 4575 1022 4644 a=eae?)
1041 4578 1106 4626 e‘ent
1122 4583 1181 4625 ante
1199 4591 1268 4626 corr.
1289 4577 1311 4626 G
1329 4571 1354 4637 (e
1374 4571 1436 4635 G0),
1461 4572 1502 4622 fe·

360 4668 449 4718 rendir
469 4671 562 4717 essent
578 4667 615 4715 Η.
637 4663 648 4732 ΙΙ
668 4668 702 4716 24
719 4666 790 4716 idem
810 4663 880 4716 Mar.
901 4660 1020 4726 (Sella.)r
1035 4662 1102 4711 item
1121 4661 1178 4710 GH.
1202 4656 1214 4726 ll
1234 4661 1267 4710 25
1285 4661 1379 4709 tantas
1398 4672 1447 4708 sex
1466 4656 1501 4707 0:

361 4756 443 4803 tanta
461 4765 511 4802 sex
527 4751 559 4800 Η
574 4747 652 4816 (Lle).
