3784 5625
231 2553 267 2593 Xl.
288 2554 317 2592 De
333 2565 367 2604 pa-

231 2605 320 2644 rietibus
339 2603 359 2642 la

232 2655 310 2694 tericiis
338 2660 366 2693 te·

232 2707 298 2745 cton'o
308 2706 366 2795 operi

248 2768 312 2809 paren
330 2757 356 2795 is.

247 2841 300 2879 viu.
313 2843 334 2887 2,
347 2842 360 2879 8

229 2891 292 2943 (Pell.
301 2894 319 2939 1,
331 2894 369 2941 ll).

375 640 438 703 296
559 654 606 699 nn
629 650 789 698 n1vuns1s
812 649 973 697 susurris
996 646 1335 695 Ancmrncrouroan.

377 808 563 888 solvuntur,
586 813 758 890 propterea
779 801 914 865 fabricis
938 801 1068 865 inutilia
1090 802 1254 865 videntur.
1299 798 1442 864 ducendi
1464 824 1519 865 au-

376 921 442 974 tem
465 918 540 973 sunt
562 906 678 970 lateres
702 927 802 968 verno
825 913 983 990 tempore,
1006 914 1043 968 ut
1065 926 1108 968 ex
1130 904 1216 968 lento
1240 905 1429 967 siccescant.
1465 905 1522 989 qui

377 1013 462 1075 enim
478 1007 645 1074 solstitiali
660 1016 810 1092 tempore
826 1014 992 1092 parantur,
1016 1006 1129 1070 vitiosi
1150 1005 1243 1087 fiunt,
1266 1007 1419 1091 quoniam
1435 1004 1523 1069 calor

378 1110 455 1177 solis
484 1110 627 1175 torridus
656 1110 779 1171 corium
807 1109 842 1170 in
865 1129 990 1171 summo
1020 1109 1084 1172 cito
1112 1108 1272 1189 desiccat,
1302 1117 1334 1171 et
1357 1108 1450 1192 quasi
1473 1110 1521 1171 in-

376 1212 461 1297 tegri
490 1211 660 1291 videntur,
688 1219 801 1295 postea
822 1232 915 1272 umor
936 1210 1073 1272 interius
1097 1208 1174 1271 dum
1197 1209 1337 1273 siccatur
1359 1209 1556 1273 contrahit5

376 1314 500 1377 frontes
533 1321 565 1376 et
598 1313 748 1375 scissuris
783 1310 903 1373 dividit
932 1320 964 1373 et
991 1308 1123 1373 inutiles
1157 1311 1248 1395 operi
1280 1308 1397 1373 lateres
1431 1310 1523 1374 facit.

377 1416 519 1479 maxime
541 1423 651 1477 tamen
672 1414 807 1476 tectorio
831 1412 920 1497 operi
940 1410 1073 1475 inutiles
1090 1421 1194 1493 erunt,
1219 1412 1247 1475 si
1262 1421 1338 1475 ante
1352 1413 1523 1477 biennium

377 1516 584 1580 inducantur.
628 1537 693 1579 non
722 1515 807 1576 enim
840 1522 977 1601 possunt
1005 1523 1082 1576 ante
1110 1514 1240 1598 penitus
1270 1515 1397 1606 siccari.
1441 1517 1526 1578 fiunt

378 1627 486 1681 autem
507 1616 645 1680 laterum
667 1638 787 1699 genera
809 1618 881 1679 tria.
926 1638 1026 1678 unum
1055 1603 1141 1699 quod
1162 1636 1278 1698 graece
1299 1615 1445 1702 Lydium
1467 1638 1524 1702 ap-

378 1717 529 1806 pellatur,
551 1716 686 1800 longum·
707 1717 900 1802 sesquipede
921 1715 1023 1779 latum
1047 1716 1141 1802 pede⁷
1165 1738 1227 1801 quo
1249 1719 1352 1780 nostri
1375 1726 1525 1781 utuntur.
1545 1734 1576 1781 10

380 1829 455 1884 sunt
479 1829 510 1883 et
531 1817 595 1883 alia
618 1819 682 1881 duo
705 1820 841 1881 laterum
863 1839 1000 1901 genera,
1024 1840 1124 1881 unum
1147 1818 1368 1900 πενταδωρον
1390 1829 1423 1883 et
1445 1819 1526 1883 alte-

379 1944 451 1985 rum
477 1920 700 2001 veroadmoov.
746 1919 858 2002 δωρον
886 1929 996 1983 autem
1025 1918 1146 1983 Graeci
1175 1918 1319 2005 palmum
1346 1920 1526 2006 appellant.

383 2025 493 2109 itaque
526 2020 667 2085 artifices
696 2022 838 2106 quinque
873 2019 1054 2105 palmorum
1081 2020 1213 2108 publica
1247 2043 1344 2107 opera
1372 2033 1527 2085 extruere

382 2133 579 2189 consuerunt
602 2131 633 2185 et
656 2139 710 2185 1111
733 2123 946 2209 privatorum.
992 2122 1062 2185 fieri
1085 2122 1250 2185 debebunt
1274 2131 1305 2185 et
1328 2123 1528 2188 semilateria

380 2227 533 2289 remissas
567 2246 649 2309 quae
676 2223 815 2287 laterum
847 2225 1014 2287 iuncturas
1047 2225 1241 2311 interposita
1268 2234 1430 2310 reparent.
1482 2227 1529 2289 ita
1550 2244 1579 2289 15

382 2328 467 2390 enim
488 2327 545 2389 fiet
566 2335 602 2390 ut
625 2348 698 2390 cum
720 2325 803 2389 alter
824 2324 957 2390 alterius
980 2327 1124 2412 protegit
1139 2327 1412 2408 coniunctionem,
1434 2328 1528 2389 firma

383 2437 564 2492 structurae
586 2426 734 2491 soliditas
758 2437 880 2511 surgat.

466 2545 623 2609 Latericii
650 2546 789 2631 parietes
817 2547 922 2610 tribus
951 2546 1197 2611 inductionibus
1220 2548 1311 2633 prius
1334 2546 1529 2630 solidentur,

381 2657 417 2712 ut
439 2670 520 2733 opus
542 2648 715 2711 tectorium
738 2648 808 2709 sine
830 2649 912 2711 vitio
934 2649 1108 2734 accipiant.
1146 2671 1221 2711 nam
1236 2650 1265 2711 si
1279 2657 1426 2713 recentes
1443 2658 1529 2713 stru-

383 2759 494 2812 cturae
517 2758 549 2812 et
570 2748 776 2812 inductiones
806 2748 928 2812 fuerint
957 2758 988 2812 et
1015 2772 1081 2814 non
1109 2759 1185 2814 ante
1213 2751 1425 2832 siccaverint,
1456 2774 1531 2815 cum
1550 2776 1582 2824 20

384 2872 530 2913 arescere
557 2851 739 2935 coeperint,
768 2851 920 2915 scissuris
951 2861 1156 2915 venustatem
1179 2853 1287 2936 operis
1310 2865 1531 2940 corrumpent.

383 2952 418 3014 in
440 2951 521 3015 urbe
542 2961 650 3016 autem
678 2961 812 3038 propter
838 2951 1080 3016 multitudinem
1102 2953 1269 3016 hominum
1291 2955 1433 3040 parietes
1458 2978 1530 3018 oae-

384 3054 530 3118 mentieii
553 3053 652 3117 altius
676 3062 859 3133 struuntur,
886 3075 928 3116 ne
950 3053 1047 3118 latius
1070 3055 1131 3120 soli
1153 3055 1413 3139 magnitudinem
1435 3080 1532 3121 oceu-

384 3164 472 3242 pent.
510 3157 624 3219 merito
648 3178 723 3239 ergo
745 3154 924 3219 latericiam
946 3155 1068 3220 habere
1090 3180 1155 3221 non
1177 3159 1298 3244 potuit,
1316 3180 1363 3227 ¹ne
1385 3160 1532 3244 pondere

384 3259 448 3321 cito
482 3267 633 3342 corrupta
666 3257 791 3320 fabrica
823 3256 999 3320 laberetur.
1044 3258 1199 3322 latericiis
1235 3281 1311 3344 ergo
1348 3261 1531 3344 parietibus
1549 3285 1579 3330 ‘25

384 3359 467 3422 vitia
489 3381 571 3444 quae
594 3358 698 3424 solent
720 3358 868 3422 accidere
890 3381 931 3421 ne
953 3359 1043 3440 fiant,
1066 3360 1128 3424 hoc
1150 3360 1246 3425 modo
1269 3363 1330 3425 erit
1352 3363 1530 3447 providen-

386 3460 474 3522 dum.
510 3461 545 3521 in
567 3461 752 3523 summitate
781 3459 940 3545 parietum
964 3469 1125 3525 structura
1148 3472 1291 3526 testacea
1313 3485 1387 3526 cum
1410 3465 1530 3548 promi-

388 3558 543 3623 nentibus
566 3563 691 3623 coronis
714 3559 888 3623 altitudine
908 3562 1126 3648 sesquipedali
1149 3574 1328 3646 extruetur,
1352 3573 1388 3626 ut
1411 3567 1440 3626 si
1462 3587 1530 3629 cor-

385 3670 501 3746 ruptae
530 3659 660 3746 tegulae
692 3672 748 3726 aut
780 3661 934 3726 imbrices
968 3674 1081 3747 erunt,
1119 3667 1259 3750 parietes
1292 3675 1403 3729 tamen
1433 3665 1531 3730 solidi

387 3772 606 3850 permaneant.
1546 3790 1575 3837 30

388 3974 616 3982 -—--—-—-

453 4109 522 4156 2ex
537 4107 627 4156 lento:
646 4111 683 4156 sic
700 4123 757 4171 opp.
781 4102 792 4172 ll
816 4107 971 4156 siecessant
986 4125 1003 4171 9
1021 4114 1045 4157 et
1063 4116 1122 4157 ante
1139 4125 1208 4161 corr.
1227 4127 1249 4160 υ.
1272 4105 1284 4173 ΙΙ
1311 4109 1463 4159 5interius
1486 4111 1529 4171 (esc

386 4190 477 4253 Paut:
496 4191 669 4240 interraneus
687 4206 725 4255 oy,
744 4192 904 4240 interanous
920 4209 949 4256 p.
972 4189 984 4257 ll
1007 4195 1022 4240 6
1042 4193 1147 4242 frontes
1165 4209 1192 4242 v:
1217 4195 1309 4242 fontes
1324 4209 1369 4257 pp.
1393 4189 1406 4260 ll
1427 4194 1528 4244 lateres

386 4292 413 4324 v:
434 4275 504 4324 —ris
525 4291 568 4338 pq.
598 4271 609 4339 ll
632 4278 648 4324 9
670 4274 787 4337 Lydium
811 4275 857 4338 (ea
883 4276 976 4341 Vitr.):
1000 4276 1074 4325 lidon
1096 4293 1153 4342 opp.
1178 4274 1190 4344 11
1218 4281 1247 4326 ll
1271 4277 1436 4340 uenrano(w
1445 4278 1528 4343 p)1>0u

387 4375 443 4424 opp.
467 4356 479 4424 ΙΙ
504 4361 533 4407 la
552 4359 712 4423 rerrano(w
723 4359 808 4423 meon
826 4376 883 4424 opp.
908 4357 921 4425 Η
943 4361 1034 4410 Acron
1052 4359 1111 4425 (sie)
1128 4379 1186 4428 opp.
1210 4359 1222 4429 ll
1246 4366 1278 4413 14
1296 4368 1475 4413 consuerunt:
1493 4365 1530 4412 sic

387 4459 443 4507 opp.
467 4439 478 4508 ll
501 4443 641 4492 debebunt
665 4461 698 4493 ex
720 4444 803 4493 simili
823 4442 840 4507 (,
854 4445 882 4508 p)
906 4445 1009 4494 lateria
1031 4447 1153 4495 remissis
1181 4449 1226 4511 qui
1253 4448 1371 4497 laterum
1398 4449 1529 4497 iuncturis

386 4528 558 4591 interpositis
579 4534 741 4592 repararent
766 4545 815 4593 opp
842 4526 889 4591 (sic
915 4531 970 4579 sine
995 4531 1210 4594 interpunctione,
1236 4543 1267 4596 90
1292 4535 1451 4597 interpuuyit
1472 4538 1530 4597 post

388 4611 577 4676 privatorum).
608 4629 675 4662 corr.
696 4629 750 4678 epo.
768 4610 780 4679 ll
795 4615 826 4660 ⁶21
846 4619 1021 4663 venustatem
1033 4617 1085 4664 ert:
1104 4620 1269 4666 vetustatem
1288 4634 1345 4682 opp.
1362 4613 1376 4683 ss
1395 4621 1428 4666 27
1446 4622 1530 4666 testa-

390 4707 439 4741 cea
460 4705 502 4757 9⁶:
530 4699 640 4746 testace
656 4714 705 4761 pq,
730 4712 804 4745 -cae
823 4715 845 4746 v.
