3784 5625
388 644 449 707 174
874 658 1031 705 vrrnnvn

385 810 525 875 rotunda
547 818 643 890 tecta,
666 809 873 893 fastigiorum
895 810 1116 896 prominentes
1131 831 1300 892 versuras,
1329 831 1527 895 coronasque

384 1011 505 1076 habent
530 1013 706 1093 rationem,
734 1020 904 1097 praeterea
926 1033 1025 1096 supra
1052 1033 1122 1073 eam
1150 1009 1361 1075 nihilominus
1386 1012 1526 1097 episcae-

383 1115 474 1176 nium
481 1162 490 1195 ‚
514 1112 626 1198 inquo
648 1112 729 1176 tholi
750 1113 865 1198 pronai
894 1111 1111 1201 semifastigia
1126 1111 1295 1197 omnisque
1315 1113 1396 1175 tecti
1417 1113 1525 1176 varius

350 1214 519 1301 epicturis
553 1214 658 1278 fuerat
685 1222 834 1294 ornatus,
869 1214 978 1297 itaque
1012 1234 1085 1276 cum
1113 1222 1264 1299 aspectus
1293 1213 1361 1276 eius
1391 1234 1525 1276 scaenae
1561 1236 1564 1239 ·

383 1324 516 1402 propter
548 1314 757 1400 asperitatem
785 1312 1008 1377 eblandiretur
1035 1315 1178 1377 omnium
1206 1314 1297 1382 visus
1327 1323 1359 1377 et
1394 1315 1460 1377 iam
1493 1312 1525 1377 id

382 1439 463 1503 opus
492 1416 631 1502 probare
653 1413 792 1478 fuissent
820 1415 944 1500 parati,
973 1423 1042 1478 tum
1063 1414 1256 1500 Licymnius
1278 1414 1524 1479 mathematicus

383 1516 505 1601 prodiit
529 1526 561 1580 et
587 1516 634 1581 ait
655 1514 864 1579 Alabandeas
888 1516 967 1579 satis
994 1524 1108 1580 acutos
1134 1515 1177 1579 ad
1199 1538 1310 1579 omnes
1331 1535 1385 1579 res
1412 1516 1553 1580 civileso

386 1617 516 1700 haberi,
540 1616 597 1681 sed
620 1626 752 1703 propter
766 1639 831 1681 non
845 1638 1001 1700 magnum
1016 1617 1135 1679 vitium
1149 1617 1354 1681 indecentiae
1370 1617 1524 1703 insipien-

335 1736 365 1782 10
383 1727 432 1781 tes
456 1740 510 1782 cos
541 1739 612 1781 esse
640 1717 818 1799 iudicatos,
848 1716 934 1803 quod
962 1719 997 1780 in
1018 1718 1189 1802 gymnasio
1212 1740 1322 1781 eorum
1345 1740 1430 1803 quae
1453 1727 1526 1781 sunt

346 1814 351 1824 ’
384 1828 509 1882 statuae
545 1840 656 1883 omnes
693 1827 767 1882 sunt
801 1840 914 1882 causas
946 1826 1098 1901 agentes,
1130 1817 1201 1882 foro
1236 1818 1345 1884 discos
1379 1829 1523 1884 tenentes

383 1928 439 1983 aut
462 1928 626 1983 currentes
649 1942 707 1983 seu
728 1918 794 2004 pila
816 1918 976 1982 ludentes.
1026 1920 1072 1982 ita
1099 1919 1253 1983 indecens
1274 1920 1361 1983 inter
1382 1919 1524 1984 locorum

383 2022 597 2106 proprietates
625 2029 729 2084 status
757 2021 924 2105 signorum
951 2019 1082 2106 publice
1110 2020 1238 2084 civitati
1265 2020 1385 2085 vitium
1413 2022 1523 2085 existi-

382 2122 535 2185 mationis
564 2122 694 2184 adiecit.
747 2121 916 2185 videamus
943 2122 1023 2184 item
1050 2142 1137 2184 nunc
1165 2142 1206 2184 ne
1227 2122 1382 2207 Apaturii
1409 2143 1523 2185 scaena

333 2241 364 2288 ra
383 2222 505 2285 efficiat
521 2231 552 2286 et
574 2244 633 2286 nos
649 2221 856 2286 Alabandeas
879 2231 935 2285 aut
956 2222 1146 2286 Abderitas.
1192 2222 1248 2307 qui
1270 2222 1357 2285 enim
1379 2232 1522 2287 vestrum

383 2323 494 2388 domos
511 2346 609 2410 supra
630 2322 812 2407 tegularum
834 2332 920 2388 tecta
942 2332 1050 2408 potest
1070 2322 1192 2386 habere
1207 2331 1262 2386 aut
1284 2322 1453 2388 columnas
1468 2346 1522 2387 seu

382 2424 588 2508 fastigiorum
617 2423 877 2511 explicationes?
921 2423 1002 2487 hacc
1030 2424 1116 2487 enirn
1143 2445 1241 2508 supra
1264 2424 1521 2509 contignationes

381 2535 561 2611 ponuntur,
594 2548 659 2590 non
687 2548 784 2610 supra
817 2524 1000 2609 tegularum
1031 2534 1129 2588 tecta.
1185 2526 1214 2588 si
1241 2546 1319 2609 ergo
1349 2547 1433 2611 quae
1460 2549 1521 2591 non

382 2635 519 2714 possunt
541 2627 575 2689 in
597 2628 737 2691 veritate
759 2627 919 2691 rationem
940 2624 1062 2689 habere
1089 2625 1169 2689 facti
1190 2626 1225 2689 in
1247 2628 1384 2711 picturis
1406 2628 1520 2713 proba-

330 2729 543 2808 noverimus,
567 2729 756 2791 accedemus
774 2737 805 2791 et
828 2750 885 2792 nos
908 2726 960 2789 his
979 2726 1169 2790 civitatibus
1186 2749 1268 2812 quac
1289 2737 1424 2815 propter
1445 2729 1521 2792 haec

382 2830 464 2891 vitia
498 2830 690 2914 insipientes
720 2839 796 2894 sunt
828 2829 1001 2893 iudicatae.
1056 2830 1166 2914 itaque
1196 2829 1377 2914 Apaturius
1412 2839 1547 2894 contrat

296 3010 301 3019 x
380 2929 578 3014 respondere
600 2953 666 2997 non
688 2940 738 2994 est
758 2953 873 3011 ausus,
897 2930 956 2994 sed
979 2926 1112 2994 sustulit
1134 2952 1283 2993 scaenam
1305 2930 1403 2995 etad
1425 2932 1519 2995 ratio·

380 3052 455 3094 nem
470 3031 618 3094 veritatis
643 3041 870 3096 commutatam
893 3042 1007 3120 postea
1022 3040 1200 3096 correctam
1214 3029 1422 3117 adprobavit.
1458 3033 1518 3096 uti-

380 3154 455 3196 nam
478 3132 526 3196 dii
555 3132 742 3197 inmortales
770 3133 925 3198 fecissent
952 3134 1001 3198 uti
1029 3133 1221 3218 Licymnius
1249 3133 1464 3197 revivisceret
1490 3141 1519 3196 et

329 3249 362 3298 25
380 3235 557 3318 corrigeret
584 3234 667 3298 hanc
693 3235 867 3299 amentiam
894 3235 1168 3320 tectoriorumque
1190 3234 1332 3299 errantia
1360 3235 1518 3299 instituta.

379 3506 513 3557 lumorum
530 3506 562 3555 H
577 3507 664 3570 (ocal,
684 3507 793 3572 pholum
811 3524 915 3559 morum
932 3508 981 3569 ch).
1002 3503 1014 3572 Η
1036 3511 1052 3557 2
1071 3506 1160 3559 leonis
1177 3515 1237 3558 ante
1254 3525 1323 3560 corr.
1343 3509 1373 3564 G.
1395 3504 1408 3575 ΙΙ
1427 3513 1444 3565 3,
1461 3501 1517 3559 eain

379 3592 449 3641 Joc:
469 3605 503 3639 ea
524 3590 582 3640 GH.
606 3588 618 3656 ΙΙ
639 3593 656 3641 4
675 3606 727 3655 quo
746 3594 825 3645 Part:
845 3609 899 3657 qua
919 3593 977 3643 GH.
993 3587 1008 3659 ss
1022 3593 1120 3656 pronai
1137 3593 1169 3641 H
1179 3591 1262 3656 (Lle):
1281 3594 1362 3658 proni
1380 3589 1516 3657 (putiau

379 3673 498 3724 tetiam
518 3674 576 3723 GII.
600 3670 612 3738 ll
635 3675 827 3739 7Licymnins
846 3677 930 3740 solip:
957 3675 1088 3726 lichinius
1108 3677 1162 3726 GH
1179 3674 1313 3740 (lichinus
1335 3678 1381 3736 LI,
1404 3677 1518 3727 lichinos

379 3757 430 3821 ele).
452 3754 464 3823 ΙΙ
487 3759 503 3807 8
521 3757 696 3809 Alabandeas
716 3762 873 3811 Lachmann:
894 3760 1048 3811 alabandas
1062 3761 1091 3818 G,
1110 3759 1256 3810 alabandis
1274 3760 1304 3809 H
1315 3759 1396 3824 (hle).
1412 3757 1425 3828 Η
1440 3763 1456 3812 9
1473 3761 1518 3811 ha·

378 3843 439 3892 beri
458 3843 491 3894 G:
511 3841 612 3893 habere
631 3843 661 3891 II
676 3841 757 3909 (hle).
780 3841 791 3911 ll
815 3845 990 3895 indecentiae
1008 3844 1039 3893 H
1049 3841 1132 3907 (Llc):
1151 3844 1311 3894 indecentia
1326 3845 1355 3897 G.
1372 3841 1385 3910 Ι]
1404 3847 1435 3897 10
1452 3846 1517 3895 indi-

378 3933 457 3978 catos
477 3928 511 3979 G:
529 3927 668 3978 iudicatus
686 3928 718 3977 H
732 3927 831 3992 (hrot).
852 3925 864 3995 ll
886 3927 976 3994 ingi(y
984 3928 1126 3992 L)mnasio
1141 3928 1162 3979 6
1175 3925 1234 3992 (L):
1257 3929 1418 3994 ingipnasio
1433 3931 1465 3979 H
1480 3928 1517 3992 (in

378 4013 513 4077 gypnasio
531 4015 548 4072 l,
566 4012 595 4061 in
614 4014 765 4078 egypnasio
784 4012 834 4076 elz).
857 4010 869 4078 ΙΙ
894 4015 921 4063 11
944 4029 1045 4063 causas
1065 4013 1099 4064 G:
1118 4028 1205 4075 cansa
1221 4013 1251 4062 H
1268 4011 1347 4076 (Llc).
1371 4009 1384 4076 ΙΙ
1407 4018 1518 4080 agentes

377 4084 530 4146 for'odiscos
549 4097 669 4162 (111161,
688 4098 824 4147 frodiscos
842 4096 876 4155 L,
902 4097 961 4147 foro
981 4097 1072 4146 discos
1092 4098 1142 4160 Gt).
1160 4098 1188 4146 in
1206 4099 1267 4150 add.
1286 4097 1344 4147 Joc.
1367 4092 1381 4164 ΙΙ
1404 4100 1437 4151 13
1455 4098 1518 4149 civi·

377 4180 430 4229 tati
447 4180 519 4232 Joe.:
542 4182 613 4231 -tis
637 4182 695 4236 GH.
717 4177 729 4246 ΙΙ
752 4181 966 4232 existimationis
991 4182 1025 4231 G:
1052 4196 1134 4231 -nes
1152 4182 1183 4230 H
1199 4178 1278 4245 (Llc).
1297 4176 1311 4246 Η
1339 4182 1372 4231 14
1389 4197 1426 4232 ne
1448 4181 1517 4248 Apa·

378 4264 444 4313 turii
461 4267 515 4315 ed:
535 4261 723 4330 neapiclturis
743 4266 796 4314 GH
812 4265 853 4326 (le,
872 4281 906 4315 ne
926 4264 1060 4329 epicturis
1077 4266 1106 4316 id
1123 4272 1212 4316 estne
1231 4280 1248 4314 a
1265 4264 1384 4329 picturis
1398 4262 1518 4331 111115
1538 4270 1541 4275 “
1566 4316 1569 4321 .

377 4347 531 4399 alabandas
551 4350 604 4400 GH
620 4347 662 4413 (L,
683 4346 875 4414 abllnbandas
894 4352 910 4412 ἱ,
931 4349 1104 4400 adlabandas
1122 4348 1172 4413 et).
1194 4346 1208 4416 ΙΙ
1231 4349 1288 4413 qui:
1310 4351 1349 4399 eie
1369 4351 1430 4402 GH.
1452 4346 1465 4415 [Ι
1488 4350 1518 4400 16

285 4460 296 4481 s
378 4435 426 4481 aut
446 4433 480 4484 G:
499 4433 534 4482 ad
552 4435 584 4482 H
599 4432 632 4496 (c,
651 4433 686 4483 ab
705 4431 740 4496 le).
763 4430 775 4499 ll
799 4435 830 4483 17
849 4433 1049 4498 explicationes
1069 4434 1102 4485 6:
1126 4433 1286 4498 explitionis
1303 4432 1334 4482 H
1356 4431 1413 4498 (clu,
1433 4432 1518 4499 expli-

377 4517 496 4584 cationis
516 4519 547 4577 L,
567 4515 756 4583 [expolitionis
775 4513 801 4583 o]
821 4517 1005 4583 expolitiones
1022 4515 1050 4581 l).
1068 4513 1080 4583 ΙΙ
1096 4519 1319 4583 contignationes
1339 4520 1375 4570 G:
1394 4519 1474 4567 -nis
1490 4516 1520 4566 H

378 4599 439 4664 (ct).
463 4597 475 4667 ll
498 4603 532 4651 20
550 4602 714 4652 accedemus
724 4590 787 4651 'eda
806 4603 963 4652 accedimus
983 4602 1041 4654 GH.
1058 4598 1118 4668 1123
1137 4617 1196 4652 cum
1215 4606 1349 4653 mutatam
1362 4603 1395 4652 H
1411 4603 1518 4665 (elcale

377 4699 445 4735 corr.
456 4683 500 4750 L).
512 4681 525 4752 11
537 4685 702 4752 adprobanit
712 4687 746 4739 G:
761 4687 836 4738 -bit
845 4688 876 4736 H
883 4683 964 4753 (Llc).
976 4682 988 4755 ΙΙ
999 4688 1033 4736 24
1041 4686 1083 4737 nti
1092 4686 1202 4737 licinius
1214 4686 1272 4739 GH.
1284 4683 1342 4754 [lab
1353 4688 1475 4739 errentia
1487 4688 1515 4740 G.
