3784 5625
381 656 444 719 234
870 672 1025 719 vrrsovu

382 836 413 889 et
436 849 498 911 quo
521 825 591 889 loco
613 846 716 887 nonae
739 825 841 910 partis
865 826 994 908 signum
1016 824 1115 888 fuerit
1137 833 1284 887 centrum
1306 823 1525 888 constituatur

380 928 435 990 ubi
461 927 521 989 orit
544 926 652 990 littora
669 944 701 1007 n,
726 934 757 988 ot
780 924 912 989 diducto
936 926 1057 988 circino
1080 926 1122 988 ab
1145 947 1182 989 eo
1206 935 1316 989 centro
1339 926 1382 988 ad
1405 924 1523 987 lineam

381 1029 536 1114 planitiae
558 1028 614 1091 ubi
631 1029 692 1090 erit
708 1026 817 1090 littera
832 1045 864 1107 B,
889 1027 1058 1090 circinatio
1074 1026 1186 1090 circuli
1202 1025 1419 1108 describatur,
1443 1046 1525 1110 quae

381 1129 501 1192 dicitur
523 1128 711 1192 meridiana.
757 1126 876 1192 deinde
899 1151 940 1191 ex
962 1151 1079 1191 novem
1103 1127 1266 1215 partibus,
1301 1149 1386 1214 quae
1409 1135 1484 1191 sunt
1506 1140 1554 1188 ao

347 1247 362 1293 5
380 1230 516 1317 planitia
537 1231 579 1293 ad
601 1231 771 1314 gnomonis
795 1236 952 1312 centrum,
976 1248 1040 1293 vill
1061 1239 1229 1293 sumantur
1250 1238 1283 1293 et
1303 1230 1477 1313 signentur
1491 1229 1525 1291 in

380 1332 465 1395 linea
494 1354 576 1418 quae
604 1341 653 1394 est
681 1333 715 1394 in
743 1329 879 1418 planitia
908 1331 967 1395 ubi
995 1333 1056 1394 erit
1086 1330 1194 1395 littera
1221 1347 1251 1394 e.
1302 1330 1384 1394 haee
1413 1338 1522 1393 autem

380 1434 441 1497 erit
462 1434 632 1518 gnomonis
655 1433 901 1518 aequinoctialis
924 1433 1048 1497 umbra.
1087 1441 1119 1496 et
1134 1432 1175 1495 ab
1192 1455 1229 1498 eo
1245 1434 1339 1517 signo
1362 1443 1395 1496 et
1416 1430 1525 1495 littera

380 1553 480 1621 oper
507 1544 652 1598 centrum
680 1534 736 1596 ubi
766 1543 815 1597 est
842 1532 951 1597 littera
973 1551 995 1596 Α
1018 1534 1105 1597 linea
1132 1534 1345 1620 perducatur,
1376 1532 1436 1596 ubi
1465 1534 1525 1595 erit

380 1636 458 1700 solis
481 1634 725 1721 aequinoctialis
747 1634 868 1697 radius.
905 1646 983 1699 tunc
1004 1658 1024 1697 a
1046 1643 1157 1699 centro
1180 1635 1315 1700 diducto
1337 1634 1463 1697 circino
1484 1633 1525 1697 ad

332 1754 361 1800 10
380 1736 499 1799 lineam
528 1737 683 1822 planitiae
711 1736 921 1821 aequilatatio
950 1738 1098 1822 signetur
1123 1736 1181 1800 ubi
1209 1737 1270 1800 erit
1297 1736 1409 1800 littera
1431 1754 1454 1799 rr
1484 1736 1524 1798 si-

380 1839 550 1901 nisteriore
572 1848 664 1923 parte
687 1847 718 1901 et
741 1856 753 1901 Ι
776 1837 961 1901 dexteriore
982 1839 1017 1901 in
1039 1840 1193 1902 extremis
1217 1837 1311 1902 lineis
1340 1838 1523 1901 circinatio-

381 1940 447 2019 nis,
477 1953 508 2003 et
531 1961 589 2026 per
611 1950 758 2003 centrum
785 1938 993 2023 perducenda
1014 1938 1115 2023 linea,
1150 1949 1312 2025 utaequa
1335 1939 1400 2002 duo
1422 1938 1523 2002 hemi-

382 2040 487 2128 cyclia
510 2041 575 2104 sint
599 2041 715 2103 divisa.
761 2038 840 2102 haee
862 2050 970 2105 autem
992 2040 1078 2105 linea
1099 2064 1119 2105 a
1140 2040 1381 2105 mathematicis
1404 2040 1526 2103 dieitur

381 2143 524 2207 horizon.
569 2142 689 2205 deinde
717 2142 937 2206 circinationis
966 2144 1067 2207 totius
1096 2142 1253 2207 sumenda
1280 2165 1356 2229 pars
1388 2152 1440 2207 est
1467 2153 1556 2221 xr,4

332 2263 360 2307 ts
381 2255 412 2307 et
441 2245 553 2308 circini
587 2253 732 2307 centrum
766 2243 999 2308 conlocandum
1029 2246 1063 2307 in
1090 2244 1176 2307 linea
1211 2245 1433 2309 circinationis
1464 2265 1525 2330 quo

297 2405 303 2415 ,
380 2344 442 2410 loci
465 2356 553 2410 secat
576 2368 647 2410 eam
669 2345 788 2408 lineam
810 2346 1056 2432 aequinoctialis
1079 2347 1190 2409 radius
1212 2346 1271 2409 ubi
1287 2348 1349 2410 erit
1365 2345 1524 2425 litterar,

381 2458 412 2512 et
434 2448 631 2532 signandum
654 2446 771 2509 dextra
786 2469 824 2509 ae
839 2448 973 2511 sinistra
995 2448 1052 2511 ubi
1068 2457 1143 2511 sunt
1159 2447 1286 2512 litterae
1301 2463 1325 2511 e
1335 2466 1372 2511 Η.
1403 2446 1525 2511 deinde

379 2549 421 2613 ab
444 2549 494 2613 his
517 2550 622 2613 lineae
649 2570 754 2635 usque
781 2548 823 2611 ad
851 2547 981 2619 lineamv
998 2548 1154 2635 planitiae
1181 2548 1409 2640 perducendae
1438 2558 1525 2631 sunt,

380 2651 436 2715 ubi
460 2662 554 2715 erunt
581 2650 708 2715 litterae
732 2668 752 2712 Τ
768 2668 800 2713 R.
845 2651 891 2713 ita
919 2652 980 2713 erit
1010 2649 1086 2715 solis
1115 2651 1226 2714 radius
1253 2673 1337 2715 unus
1364 2650 1525 2715 hibernus

329 2770 362 2816 20
380 2750 462 2815 alter
484 2754 640 2829 aestivus.
687 2761 799 2817 contra
826 2762 934 2816 autem
957 2771 978 2816 Ε
1001 2752 1109 2817 littera
1132 2770 1144 2816 1
1167 2753 1228 2816 erit
1257 2774 1320 2838 quo
1350 2761 1441 2816 secat
1465 2753 1526 2815 cir-

380 2855 577 2918 cinationem
599 2855 686 2917 linea
714 2875 795 2939 quae
819 2865 867 2919 est
889 2857 1025 2919 traiecta
1047 2877 1105 2942 per
1128 2864 1275 2918 centrum
1307 2853 1366 2917 ubi
1394 2865 1446 2918 est
1473 2853 1526 2917 lit-

380 2965 449 3018 tera
467 2973 509 3036 A,
539 2966 570 3019 et
593 2966 704 3020 contra
726 2972 748 3018 e
772 2965 803 3020 et
825 2975 849 3018 Η
873 2955 1001 3021 litterae
1030 2967 1123 3020 erunt
1145 2975 1167 3019 L
1190 2966 1221 3019 ct
1243 2974 1284 3036 K,
1314 2965 1346 3019 ct
1369 2965 1484 3020 eontra
1507 2973 1527 3019 c

381 3068 454 3121 etr
479 3067 510 3119 et
534 3074 554 3118 Α
584 3057 644 3121 erit
672 3058 780 3120 littera
802 3075 834 3120 Ν.
880 3068 957 3122 tunc
985 3058 1212 3145 perducendae
1241 3067 1315 3120 sunt
1343 3056 1559 3121 diametroe5

379 3159 421 3222 ab
446 3176 468 3222 o
491 3158 577 3222 adn¹
608 3169 639 3223 et
667 3159 708 3222 ab
731 3177 755 3221 Η
779 3159 821 3221 ad
843 3177 877 3222 K.
928 3181 1011 3245 quae
1042 3161 1103 3223 erit
1132 3159 1293 3245 superior,
1327 3160 1434 3244 partis
1464 3160 1528 3221 erit

448 3369 461 3414 1
481 3368 568 3430 partis
589 3367 621 3415 G:
641 3369 717 3414 —tes
735 3367 764 3413 H
783 3362 860 3429 (Lu).
886 3361 898 3430 l)
919 3369 934 3414 2
954 3365 1070 3415 deducto
1090 3365 1148 3414 GH.
1174 3361 1186 3430 ll
1209 3365 1242 3413 ad
1261 3365 1363 3413 lineam
1382 3363 1449 3429 (ed.)
1469 3364 1527 3428 pla·

379 3451 466 3498 nitiao
486 3449 579 3512 (doc)
604 3450 717 3498 ablinea
735 3450 855 3514 planitie
875 3451 932 3501 GH.
955 3446 967 3516 l)
991 3453 1007 3498 4
1026 3467 1042 3499 a
1065 3451 1136 3500 doc:
1159 3450 1188 3497 in
1208 3450 1266 3498 GH.
1287 3445 1299 3515 Η
1322 3452 1337 3499 5
1358 3446 1394 3511 (et
1413 3448 1441 3510 7)
1461 3465 1528 3514 guo-

380 3536 461 3582 minis
480 3535 518 3585 cir.
543 3530 554 3599 l)
575 3534 657 3583 VIII:
676 3536 713 3581 sic
733 3534 790 3587 GH.
810 3530 821 3599 l)
846 3538 861 3584 6
881 3538 996 3601 quaest
1014 3535 1049 3583 H.
1074 3531 1086 3599 ΙΙ
1110 3537 1123 3583 7
1143 3535 1222 3598 signo
1241 3538 1270 3584 et
1288 3533 1352 3582 GH:
1376 3532 1459 3597 signo
1477 3533 1527 3582 ubi

380 3623 423 3666 est
442 3619 510 3668 Mar.
534 3615 545 3683 l)
570 3620 585 3667 9
605 3633 621 3666 a
640 3621 746 3666 centro:
765 3621 802 3668 sie
822 3620 879 3672 GH.
904 3617 916 3685 i)
941 3622 972 3670 10
989 3619 1085 3668 littera
1105 3620 1177 3668 e.H
1195 3616 1279 3680 (Lte):
1299 3618 1442 3667 e.littera
1462 3618 1493 3668 G.
1512 3615 1524 3682 Ιξ

381 3707 410 3751 11
431 3708 459 3751 et
476 3704 489 3751 Ι
509 3703 663 3752 dexteriore
681 3703 750 3752 doe:
780 3708 808 3752 et
825 3705 888 3754 inde
912 3704 1043 3752 alteriore
1069 3704 1129 3758 GH.
1152 3699 1164 3769 l]
1189 3706 1220 3752 12
1244 3701 1426 3767 perducenda
1449 3701 1527 3751 linea

378 3793 409 3836 ut
428 3803 516 3851 acqua
527 3789 598 3838 Joc.:
616 3787 762 3850 pdueendir
772 3792 803 3837 ut
815 3804 905 3851 aequa
919 3789 978 3840 GH.
993 3783 1006 3853 l)
1024 3791 1055 3838 13
1068 3789 1143 3837 linea
1158 3789 1179 3836 G
1192 3785 1253 3850 (L):
1271 3786 1346 3835 linei
1363 3787 1394 3835 H
1412 3785 1526 3849 (lineam

378 3876 422 3933 Ic).
446 3869 457 3936 Η
482 3874 514 3921 14
532 3872 661 3924 horiozon
680 3880 738 3922 arete
760 3888 814 3926 ras,
834 3874 870 3923 H.
894 3868 905 3939 l)
929 3873 992 3921 XV:
1018 3875 1056 3922 sie
1075 3873 1133 3922 GH.
1156 3868 1168 3937 l)
1194 3874 1226 3921 15
1244 3886 1297 3935 quo
1317 3871 1338 3919 G
1357 3869 1424 3933 (ἠΰτ
1454 3871 1526 3934 quod

380 3960 407 4007 ΙΙ
426 3958 474 4021 (eh,
495 3956 531 4022 qd
549 3959 601 4022 LI).
627 3956 640 4024 l)
663 3961 693 4008 16
712 3959 734 4006 1⁴¹
754 3960 826 4008 Joc.:
852 3957 872 4006 O
894 3958 952 4007 GH.
976 3953 989 4022 l)
1019 3961 1047 4007 17
1067 3957 1165 4006 dextra
1188 3957 1302 4005 sinistra
1321 3955 1373 4005 GH
1397 3956 1444 4018 (ac
1462 3958 1525 4007 edd.

378 4043 457 4105 lon).
479 4040 490 4108 l)
517 4044 547 4092 18
567 4043 601 4091 ab
621 4044 664 4092 his
684 4042 725 4105 (et
743 4059 792 4106 per
811 4045 932 4090 centrum
952 4044 1012 4095 edd.
1031 4041 1098 4105 Joc.)
1116 4042 1208 4090 lineae
1226 4041 1298 4091 doe:
1323 4040 1358 4090 ab
1377 4039 1422 4089 his
1440 4041 1525 4089 lineis

380 4128 439 4181 GH.
462 4123 474 4193 l)
497 4128 570 4177 201⁸]
589 4143 636 4179 on.
661 4128 711 4177 GH
735 4125 806 4189 (add.
823 4124 903 4188 loe).
927 4122 938 4191 Η
968 4128 1021 4175 erit
1042 4142 1089 4176 em.
1115 4127 1135 4175 G
1158 4126 1230 4189 (add.
1255 4123 1308 4186 Ge),
1331 4120 1343 4189 ΙΙ
1373 4138 1428 4187 quo
1452 4125 1524 4173 Mer.

379 4212 437 4272 (ubi
455 4211 536 4275 Joc.):
562 4212 610 4274 qui
630 4211 687 4260 GH.
715 4207 727 4276 Η
754 4214 786 4260 21
809 4211 883 4260 linea
906 4212 977 4262 Jee:
1005 4208 1128 4274 lineae(e
1149 4209 1180 4274 G)
1201 4210 1259 4262 GH.
1283 4206 1295 4275 ΙΙ
1317 4208 1366 4258 ubi
1385 4213 1430 4258 est
1448 4207 1525 4271 (erit)

378 4296 512 4345 litterari
532 4287 635 4358 (Man),
656 4303 683 4344 ct
702 4300 797 4345 contra
817 4295 840 4344 G
860 4299 887 4343 et
905 4296 931 4344 H
950 4295 1062 4344 litterae
1083 4301 1163 4344 erunt
1181 4296 1206 4344 K
1225 4298 1252 4342 et
1270 4294 1293 4342 L
1312 4291 1347 4355 (L
1362 4297 1391 4341 et
1403 4293 1429 4342 K
1441 4292 1524 4358 Mar.)

377 4383 448 4433 doe:
472 4382 521 4430 ubi
539 4385 618 4429 erunt
637 4378 691 4442 (erq
714 4383 750 4442 H)
768 4381 878 4430 litterae
899 4377 1128 4430 Licuit&
1147 4378 1188 4441 (et
1207 4377 1238 4441 G)
1257 4381 1354 4426 contra
1372 4377 1416 4427 K.
1432 4378 1525 4428 lineae

380 4472 460 4513 erunt
479 4459 534 4527 (ert
548 4466 580 4529 G)
600 4470 624 4517 K
636 4466 677 4514 ΙΗ
689 4466 728 4516 ,Χ
741 4506 746 4516 .
759 4467 772 4514 I
784 4503 788 4514 .
805 4465 862 4543 GH.
875 4459 886 4528 l)
900 4466 932 4513 23
951 4464 1080 4512 diametri
1098 4463 1154 4513 loc.
1174 4460 1276 4527 (—troe
1296 4462 1367 4526 epo):
1388 4461 1526 4512 diametro

380 4550 437 4599 GH.
464 4546 476 4614 l)
506 4552 538 4597 24
561 4551 595 4599 ab
616 4550 639 4599 G
663 4549 696 4598 ad
721 4551 742 4598 L
767 4553 794 4599 et
818 4551 852 4599 ab
876 4549 902 4597 H
925 4549 960 4598 ad
983 4549 1017 4598 K.
1041 4563 1112 4610 quae
1133 4548 1185 4596 erit
1206 4547 1275 4596 doe:
1304 4547 1339 4596 ab
1360 4547 1442 4598 c.od
1460 4565 1479 4596 1.
1504 4545 1526 4596 dr

379 4632 419 4695 (et
438 4635 469 4696 G)
490 4633 524 4682 ab
548 4635 591 4685 H.
608 4632 611 4698 Ι
628 4649 699 4697 quae
720 4635 775 4694 (H.
791 4649 843 4699 que
863 4633 895 4696 G)
920 4633 973 4681 erit
997 4632 1055 4683 GH.
1080 4628 1091 4696 l)
1116 4632 1169 4680 erit
1192 4631 1315 4696 superior
1408 4631 1528 4680 inferior

380 4716 463 4771 Man:
483 4717 536 4766 erit
553 4717 666 4766 inferior
684 4754 689 4766 .
705 4755 731 4770 ,,
750 4719 874 4783 superior
893 4717 951 4766 GH.
