3784 5625
374 673 416 737 24
540 671 549 687 “
865 685 1024 731 vrrnovn

376 843 558 907 artificiosis
581 861 688 903 rerum
710 838 957 903 inventionibus
986 837 1171 901 divinitatis
1195 839 1379 924 exprimere
1401 836 1521 899 verita-

377 956 452 1009 tem.
498 943 579 1006 fiunt
602 943 687 1005 enim
715 939 897 1027 aeolipilaa
914 961 1028 1003 aereae
1057 960 1167 1003 cavae.
1213 938 1274 1002 hae
1295 937 1418 1002 habent
1440 960 1521 1024 pun-

379 1057 465 1111 ctum
488 1040 765 1130 ¹angustissimum
799 1041 874 1128 quo'
890 1064 975 1128 aqua
1003 1041 1221 1105 infunduntur
1249 1039 1523 1125 conlocanturque

377 1149 419 1211 ad
435 1150 560 1232 ignem,
585 1155 616 1209 et
631 1154 805 1230 antequam
821 1143 984 1207 calescant
1005 1166 1070 1207 non
1092 1141 1213 1206 habent
1234 1141 1336 1206 ullum
1359 1142 1522 1228 spiritum,

344 1266 359 1313 5
378 1249 474 1314 simul
502 1257 611 1311 autem
636 1255 673 1309 ut
695 1244 823 1308 fervere
846 1248 1012 1332 coeperint
1018 1294 1027 1326 ,
1057 1244 1203 1308 efficiunt
1230 1243 1272 1306 ad
1294 1246 1404 1328 ignem
1427 1242 1523 1307 vehe-

378 1360 520 1415 mentem
542 1349 665 1412 flatum.
709 1349 755 1410 ita
778 1348 861 1411 scire
885 1357 916 1411 et
938 1347 1084 1411 iudicare
1106 1345 1182 1409 licet
1205 1367 1222 1408 e
1244 1367 1346 1433 parvo
1368 1344 1523 1409 brevissi-

335 1502 337 1506 .
378 1473 495 1537 rnoque
512 1446 695 1536 spectaculo
712 1447 753 1511 de
775 1449 903 1534 magnis
927 1458 959 1512 et
982 1448 1167 1512 inmanibus
1191 1446 1274 1511 caeli
1290 1456 1525 1532 ventorumque

379 1563 514 1616 naturae
551 1549 732 1614 rationibus
855 1549 980 1615 exclusi
1024 1551 1167 1630 fuerint,
1206 1572 1270 1615 non
1310 1547 1414 1613 solum
1456 1547 1557 1612 effi-3

381 1655 468 1717 cient
501 1652 690 1740 corporibus
724 1650 910 1716 valentibus
937 1650 1044 1716 locum
1072 1650 1252 1733 salubrem,
1286 1651 1344 1714 sed
1372 1652 1470 1714 etiam
1499 1650 1526 1713 si

332 1772 363 1818 10
382 1756 437 1841 qui
464 1754 570 1818 morbi
598 1776 641 1817 ex
668 1752 741 1817 aliis
755 1755 856 1819 uitiis
880 1754 964 1819 forte
986 1762 1176 1835 nascentur,
1200 1754 1256 1840 qui
1279 1754 1314 1817 in
1336 1754 1453 1816 ceteris
1476 1773 1525 1815 sa-

381 1855 531 1920 lubribus
548 1855 627 1921 locis
642 1854 764 1920 habent
786 1856 970 1920 curationes
993 1857 1175 1921 medicinae
1198 1856 1396 1937 contrariae,
1419 1855 1454 1917 in
1475 1854 1526 1917 his

383 1967 515 2045 propter
542 1966 795 2044 temperaturam
823 1956 1011 2022 exclusione
1034 1970 1204 2022 ventorum
1227 1956 1413 2042 expeditius
1437 1976 1526 2018 cura-

382 2060 514 2124 buntur.
565 2060 647 2122 vitia
675 2068 783 2122 autem
812 2069 886 2123 sunt
915 2082 998 2146 quae
1033 2058 1210 2124 difficulter
1243 2068 1397 2149 curantur
1422 2059 1457 2120 in
1479 2078 1527 2119 re-

383 2161 535 2247 gionibus
558 2182 640 2247 quac
663 2170 738 2224 sunt
761 2184 859 2248 supra
882 2163 1023 2247 scriptae
1045 2162 1139 2243 baec,
1163 2161 1339 2245 gravitudo
1361 2160 1528 2241 arteriace,

335 2279 365 2327 15
384 2264 501 2346 tussis,
530 2261 698 2349 pleuritis,
727 2262 886 2349 phthisis,
916 2265 1085 2348 sanguinis
1115 2263 1229 2327 eiectio
1258 2272 1289 2326 et
1318 2270 1426 2325 cetera
1448 2282 1530 2347 quae

384 2388 449 2429 non
478 2364 733 2429 detractionibus
768 2365 826 2428 sed
858 2364 1101 2429 adiectionibus
1136 2375 1299 2428 curantur.
1354 2363 1435 2426 haec
1456 2362 1529 2426 ideo

385 2466 562 2532 difficulter
576 2466 780 2531 medicantur
801 2468 942 2554 primum
967 2468 1053 2554 quod
1077 2488 1119 2529 ex
1140 2466 1320 2550 frigoribus
1344 2467 1529 2552 concipiun-

384 2580 454 2650 tur,
478 2568 597 2632 deinde
621 2568 706 2653 quod
727 2568 917 2653 defatigat-is
939 2569 1054 2633 morbo
1078 2567 1205 2632 viribus
1229 2590 1355 2647 corum,
1384 2588 1441 2629 aer
1461 2568 1529 2651 agi-

384 2678 472 2733 tatus
497 2693 514 2732 e
537 2678 708 2733 ventorum
730 2671 965 2753 agitationibus
988 2680 1183 2735 extenuatur
1210 2691 1338 2755 unaque
1360 2690 1380 2730 a
1402 2668 1531 2731 vitiosis

335 2787 367 2835 20
386 2771 575 2857 corporibus
592 2770 735 2835 detrahit
751 2794 863 2837 sucum
887 2782 918 2836 et
941 2772 1043 2836 efficit
1066 2795 1103 2836 ca
1126 2770 1272 2836 exiliora.
1320 2767 1532 2835 contra'vero

387 2872 469 2936 lenis
499 2882 531 2937 et
554 2895 681 2937 crassus
704 2895 776 2955 aer,
810 2877 865 2960 qui
888 2873 1042 2961 perflatus
1066 2899 1130 2939 non
1152 2874 1252 2937 babet
1274 2895 1379 2959 neque
1402 2871 1531 2936 crebras

387 2973 644 3056 redundantias,
684 2984 816 3061 propter
849 2978 1005 3040 inmotam
1039 2975 1252 3051 stabilitatem
1284 2973 1458 3038 adiciendo
1490 2974 1532 3038 ad
1596 3005 1599 3010 ⁴

388 3076 534 3141 membra
562 3098 672 3141 eorum
699 3076 758 3140 alit
787 3100 840 3143 eos
871 3088 903 3141 et
931 3077 1036 3141 reficit
1064 3079 1119 3164 qui
1145 3079 1181 3141 in
1207 3076 1259 3141 his
1288 3085 1364 3140 sunt
1392 3075 1532 3161 inpliciti

388 3178 521 3243 morbis.

336 3295 369 3341 25
473 3279 647 3345 Nonnullis
669 3280 791 3366 placuit
811 3304 882 3346 esse
902 3291 1018 3346 ventos
1041 3290 1204 3366 quattuor,
1226 3281 1268 3344 ab
1284 3280 1408 3344 oriente
1422 3279 1531 3364 aequi·
1549 3290 1565 3336 4

388 3380 521 3446 noctiali
537 3381 694 3464 solanum,
707 3382 875 3447 arneridie
889 3394 1046 3464 austrum,
1063 3383 1106 3446 ab
1118 3381 1286 3447 occidente
1301 3378 1532 3467 aequinoctiali

458 3728 472 3774 2
492 3725 642 3789 aeolrprlae
663 3727 713 3775 GH
733 3724 874 3791 (eclipilae
892 3744 968 3777 erasa
985 3729 1016 3777 ab
1035 3729 1106 3777 initio
1125 3729 1172 3779 titt.
1188 3742 1204 3774 a
1224 3726 1266 3788 6⁶,
1286 3724 1418 3790 aeolipile
1437 3727 1475 3775 L0
1492 3725 1534 3774 ubi

390 3817 449 3858 ante
472 3825 526 3859 ras.
551 3809 710 3874 aeolapide,
736 3826 786 3859 aco
804 3811 889 3876 lipide
907 3828 932 3872 c,
963 3811 1081 3876 eolrprde
1104 3811 1133 3876 l).
1175 3818 1285 3860 celemon
1307 3813 1333 3860 in
1355 3826 1435 3872 marg.
1460 3793 1537 3860 (ΜΗ

391 3892 480 3957 (nota)
500 3893 586 3957 follis,
606 3896 663 3942 item
681 3895 719 3942 [ιθ
736 3895 762 3942 in
773 3911 851 3958 marg.
880 3896 943 3945 Eolr
960 3897 982 3944 P
998 3897 1003 3959 Η
1019 3894 1128 3961 (reliqua
1146 3898 1238 3945 recidit
1250 3893 1413 3960 bibliopega).
1427 3892 1439 3961 ΗΗ
1452 3910 1533 3944 areae

389 3986 449 4028 ante
461 3994 530 4028 corr.
547 3979 600 4043 (qui
611 3994 633 4028 ae
647 3995 682 4028 ecc
694 3978 722 4041 a)
735 3980 771 4029 H.
794 3975 805 4044 ΗΗ
829 3983 844 4029 3
857 3994 910 4042 quo
924 3995 996 4044 aqua
1008 3982 1079 4034 doc:
1101 3995 1153 4046 quo
1166 3996 1239 4043 aqua
1254 3977 1342 4046 θα),
1357 3995 1427 4044 quae
1441 3995 1495 4044 qua
1508 3979 1535 4028 H

389 4064 421 4127 (c,
435 4079 486 4129 qua
500 4079 551 4127 qua
564 4063 592 4128 l).
609 4059 621 4128 ΗΗ
638 4063 856 4114 brehementum
874 4065 903 4112 H
916 4065 994 4123 (—t1'1
1012 4064 1062 4129 cli).
1080 4061 1092 4131 ΗΗ
1112 4065 1293 4115 Stationihus
1311 4065 1416 4114 exclusi
1433 4064 1535 4114 fuerint

390 4150 514 4198 circuibo
529 4147 670 4211 GH(Llc)‚
689 4151 808 4199 nonnulla
825 4155 906 4198 curren
919 4150 997 4199 uerba
1015 4151 1105 4200 desunt
1123 4154 1188 4200 velut
1201 4151 1282 4198 Venti
1294 4150 1381 4213 igitur
1399 4149 1424 4198 si
1441 4148 1534 4212 (Venti

392 4233 463 4280 enim
483 4234 506 4280 si
523 4233 589 4294 doc,
608 4233 654 4296 qui
673 4233 696 4282 si
713 4235 752 4282 vel
770 4240 863 4282 tantum
881 4234 906 4282 si
924 4236 998 4286 codd.
1018 4235 1084 4299 rec.)
1109 4241 1147 4288 vel
1165 4252 1218 4284 cum
1236 4235 1427 4285 borrroioteleuto
1446 4234 1534 4299 Igitur

390 4317 466 4366 venti
490 4316 514 4364 si
539 4318 620 4366 certis
639 4317 794 4367 rationibus
817 4317 920 4367 exclusi
944 4319 1049 4368 fuerint
1066 4327 1114 4372 etc.
1144 4316 1156 4385 ΗΗ
1184 4321 1215 4368 12
1239 4320 1398 4368 exclusione
1421 4320 1533 4369 Fasciol.

392 4396 483 4464 (rec.):
497 4399 676 4454 ¹exclusiones
698 4403 755 4453 GH.
776 4398 788 4467 ΗΗ
818 4403 850 4450 14
869 4404 1022 4454 arteriacae
1042 4405 1157 4466 (arteria
1176 4402 1305 4454 caltussrs
1324 4405 1359 4460 H,
1380 4405 1534 4453 arteriacae

391 4487 409 4530 t.
429 4482 465 4549 r)
488 4484 525 4544 H,
544 4499 611 4547 -ορ
632 4484 653 4533 o
671 4483 707 4546 <a
725 4502 805 4549 supra
816 4503 843 4550 p.
856 4472 895 4547 15,
914 4491 931 4536 5
942 4491 1123 4552 gnomonicae
1143 4489 1193 4551 a).
1218 4485 1229 4554 Η
1256 4489 1285 4537 15
1303 4487 1435 4553 phthisis:
1455 4487 1536 4552 tiphi-

392 4568 430 4616 sis
450 4568 509 4620 GH.
533 4564 544 4633 ΗΗ
569 4569 600 4616 18
619 4568 778 4634 defetigatis
796 4572 828 4620 L.
854 4569 865 4637 ΗΗ
894 4575 925 4622 19
945 4588 960 4622 e
979 4571 1044 4637 (lrc):
1069 4577 1083 4623 ἐ
1106 4580 1164 4622 ante
1188 4589 1257 4622 corr.
1278 4573 1299 4622 G
1323 4571 1347 4634 (e
1366 4589 1400 4622 ex
1420 4573 1475 4638 G0),
1494 4576 1535 4629 est

292 4639 297 4649 ’
393 4652 421 4699 H
438 4653 473 4714 (e.
486 4653 519 4715 L,
539 4656 552 4702 b
569 4654 593 4700 lc
605 4658 630 4700 et
648 4661 706 4701 onte
723 4671 791 4704 corr.
804 4655 840 4718 Ιι).
858 4653 870 4721 ΗΗ
886 4661 1049 4707 extenuatur
1066 4659 1136 4706 Joc:
1156 4657 1283 4706 —abitur
1303 4658 1362 4706 GH.
1383 4654 1395 4723 ΗΗ
1418 4660 1452 4708 25
1469 4672 1535 4708 ven-

392 4739 435 4783 tus
455 4735 489 4782 H.
514 4732 525 4800 Η
548 4737 580 4783 25
600 4738 815 4800 aequinoctialis
833 4740 861 4788 H
879 4739 904 4802 (e
918 4737 948 4806 ,ΗΗ
964 4743 996 4791 26
1010 4740 1128 4805 meredic
1149 4742 1177 4792 G.
1265 4744 1267 4748 ’
