3784 5625
562 671 610 717 ns
633 667 794 717 nivansrs
818 664 979 717 rnsuicrs
1001 660 1338 716 nscnrrncromcns.
1460 647 1522 716 289

376 823 525 910 plerique
553 824 727 887 duodecim
755 832 871 886 ventos
900 844 971 886 esse
997 823 1207 903 adseverant,
1242 830 1277 883 ut
1304 830 1354 884 est
1380 823 1415 883 in
1440 822 1521 885 urbe

376 926 481 988 Roma
495 925 612 988 Triton
634 947 753 988 aeneus
777 947 850 987 cum
872 924 1009 987 totidem
1024 923 1211 987 thoracibus
1227 930 1399 984 ventorum
1414 922 1520 986 factus

376 1026 420 1089 ad
448 1023 562 1110 templi
584 1026 766 1088 Andronici
790 1025 965 1112 Cyrrestae
993 1023 1249 1088 similitudinem.
1300 1046 1397 1108 supra
1425 1033 1521 1109 caput

314 1160 316 1164 ·
377 1129 470 1196 venti
497 1129 627 1210 virgam
656 1136 770 1190 tenens
799 1127 938 1189 eundem
967 1148 1038 1189 esse
1059 1125 1192 1189 flantem
1214 1124 1367 1189 ostendit.
1411 1125 1520 1188 obser-

345 1228 474 1292 5vabis
505 1250 581 1312 ergo
604 1250 644 1290 ne
668 1231 782 1291 ianuas
804 1238 861 1291 aut
882 1227 1042 1290 fenestras
1065 1237 1177 1291 contra
1198 1228 1332 1290 nocivos
1355 1226 1451 1289 flatus
1474 1226 1521 1289 fa-

378 1333 455 1393 cias.
499 1330 610 1393 nocivi
639 1331 726 1392 enim
754 1339 830 1394 sunt
858 1329 954 1393 flatus
977 1329 1034 1393 ubi
1055 1339 1112 1392 aut
1133 1330 1231 1391 nimis
1246 1327 1445 1391 incumbunt
1466 1339 1522 1392 aut

377 1432 535 1494 acerrima
556 1430 681 1514 frigora
703 1430 842 1511 faciunt,
865 1440 902 1493 ut
924 1440 957 1492 et
979 1430 1126 1493 homines
1150 1439 1182 1493 et
1204 1427 1357 1492 animalia
1379 1428 1520 1504 laedant.

378 1532 548 1616 frigorosis
577 1554 654 1616 ergo
682 1532 869 1615 regionibus
892 1553 911 1593 a
933 1530 1071 1593 meridie
1097 1541 1155 1594 aut
1181 1532 1224 1595 ab
1247 1552 1364 1595 occasu
1384 1531 1521 1595 hiberno

378 1636 490 1697 ianuas
515 1643 546 1695 et
568 1633 729 1697 fenestras
753 1632 871 1713 facies,
894 1634 1054 1696 aestuosis
1080 1655 1155 1697 vero
1177 1655 1197 1695 a
1218 1633 1317 1696 borea
1339 1642 1371 1696 et
1393 1643 1521 1718 septen·

330 1749 361 1797 10
378 1736 484 1798 trione
506 1734 578 1799 fieri
599 1734 778 1798 ordinabis.

464 1835 628 1915 Quoniam
654 1837 768 1900 usibus
797 1836 938 1899 omnium
961 1838 1103 1899 maxime
1124 1836 1326 1899 necessariae
1347 1858 1451 1921 aquae
1473 1838 1521 1900 vi·
1555 1848 1635 1910 111.er

379 1938 507 2019 dentur,
520 1939 624 2023 primo
641 1960 723 2023 quae
744 1958 864 2021 genera
879 1946 985 2001 terrae
1001 1948 1114 2001 tenues
1130 1947 1186 2001 aut
1199 1937 1404 2001 abundantes
1421 1961 1520 2001 venas
1547 1914 1659 1993 illidii

380 2041 546 2121 emittant,
575 2040 693 2124 quibus
726 2040 823 2102 etiarn
852 2040 955 2122 signis
982 2038 1079 2102 altius
1103 2039 1278 2124 depressae
1300 2041 1520 2120 inveniantur,
1536 2038 1664 2138 (ζξῆζξὸῑ)

380 2138 539 2225 quomodo
563 2161 606 2202 ex
628 2138 774 2203 fontibus
800 2138 853 2201 vel
874 2141 983 2224 puteis
1005 2140 1180 2219 ducantur,
1204 2161 1287 2224 quae
1309 2142 1443 2203 nocivos
1466 2152 1523 2203 aut

331 2255 362 2303 15
381 2239 526 2305 salubres
549 2240 692 2304 habeant
714 2239 867 2325 liquores,
891 2241 1037 2304 studiose
1055 2242 1138 2303 scire
1152 2249 1308 2325 oportet„
1326 2262 1430 2325 aquae
1446 2263 1522 2325 ergo

380 2341 534 2406 fontanae
555 2351 611 2404 aut
634 2352 749 2427 sponte
771 2340 935 2426 profluunt
956 2350 1013 2404 aut
1036 2363 1132 2427 saepe
1154 2341 1195 2403 de
1217 2342 1324 2426 puteis
1344 2341 1522 2405 abundant.

380 2444 498 2529 quibus
533 2440 615 2505 tales
644 2443 755 2527 copiae
783 2463 849 2503 non
877 2451 987 2523 erunt,
1022 2444 1124 2526 signis
1152 2441 1239 2504 infra
1267 2444 1397 2528 scriptis
1426 2465 1521 2528 quae-

380 2546 482 2608 renda
511 2553 587 2607 sunt
616 2543 676 2606 sub
705 2553 792 2606 terra
820 2543 928 2627 capita
956 2565 1112 2628 aquarum
1141 2553 1173 2606 et
1200 2544 1350 2628 proxima
1376 2544 1521 2607 fontibus

379 2644 495 2710 altiora
523 2646 630 2731 puteis
660 2643 853 2729 colligenda.
897 2653 973 2706 ante
1003 2643 1080 2709 solis
1108 2646 1218 2730 itaque
1247 2655 1353 2708 ortum
1381 2646 1415 2706 in
1442 2644 1521 2709 locis

330 2763 363 2810 20
381 2748 499 2833 quibus
533 2768 618 2832 aqua
650 2747 816 2832 quaeritur
846 2744 1027 2832 aequaliter
1055 2747 1090 2808 in
1117 2755 1205 2808 terra
1232 2746 1462 2830 procumbatur
1491 2756 1523 2809 et

381 2860 488 2913 mento
512 2849 660 2934 deposito
683 2871 799 2935 perca
821 2849 1049 2934 prospiciatur.
1087 2871 1165 2911 mox
1186 2848 1316 2927 videbis
1338 2850 1373 2911 in
1389 2849 1521 2935 quibus-

381 2973 519 3036 cumque
547 2949 626 3013 locis
654 2971 738 3034 aqua
766 2948 865 3012 lateat
892 2971 1020 3012 umores
1043 2951 1078 3011 in
1099 2971 1175 3011 aera
1197 2973 1295 3035 supra
1317 2959 1436 3013 terram
1459 2953 1521 3013 cri·

381 3062 512 3138 spantes
536 3060 567 3114 et
589 3051 624 3112 in
646 3049 778 3113 modum
799 3050 906 3113 tenuis
929 3048 1069 3112 nebulae
1091 3071 1196 3114 rorem
1211 3062 1411 3135 spargentes,
1434 3051 1521 3136 quod

381 3156 416 3216 in
438 3155 533 3217 siccis
563 3163 594 3215 et
616 3151 717 3215 aridis
748 3149 827 3214 locis
850 3151 921 3213 fieri
942 3173 1007 3214 non
1029 3161 1147 3236 potest.
1191 3152 1422 3236 quaerentibus
1445 3174 1522 3235 ergo

330 3271 364 3318 25
380 3278 497 3340 aquam
535 3252 710 3338 diligenter
747 3254 810 3316 erit
847 3253 1119 3316 considerandum
1156 3252 1267 3338 quales
1303 3263 1408 3316 terrae
1445 3255 1520 3315 sint.

383 3366 471 3418 certa
499 3357 584 3418 enirn
612 3376 733 3438 genera
761 3364 837 3419 sunt
863 3357 898 3418 in
920 3355 1039 3440 quibus
1066 3365 1123 3418 aut
1144 3354 1314 3418 abundans
1336 3363 1392 3418 aut
1414 3356 1521 3418 tenuis

382 3478 466 3538 aqua
493 3447 655 3517 nascatur,
699 3457 734 3518 in
756 3467 845 3520 creta
873 3459 980 3522 tenuis
1007 3467 1039 3520 et
1061 3455 1156 3521 exilis
1178 3478 1239 3519 nec
1261 3458 1375 3540 optimi
1397 3457 1522 3541 saporis

383 3555 558 3634 invenitur,
582 3557 617 3616 in
631 3554 787 3619 sabulone
803 3557 907 3621 soluto
927 3560 1047 3642 tenuis,
1070 3556 1185 3622 limosa
1207 3568 1240 3621 et
1261 3559 1406 3622 insuavis
1428 3556 1522 3621 altio-

382 3653 473 3717 ribus
496 3653 576 3716 locis
598 3676 714 3718 mersa.
744 3658 779 3718 in
793 3665 881 3719 terra
902 3661 997 3742 nigra
1013 3658 1170 3723 stillarum
1186 3681 1313 3723 umores
1337 3658 1438 3722 exiles
1455 3680 1521 3720 ma·

332 3773 366 3821 30
383 3757 435 3842 gis
458 3777 500 3818 ex
521 3755 667 3817 hibernis
696 3754 875 3839 liquoribus
904 3756 1032 3822 collecti
1060 3762 1186 3843 saporis
1214 3761 1330 3844 optimi
1352 3761 1466 3844 spissis
1490 3767 1522 3820 et
1569 3749 1573 3755 ’

384 3856 497 3923 solidis
522 3854 601 3918 locis
624 3855 843 3918 subsidentes.
880 3856 1009 3941 glareae
1031 3879 1109 3921 vero
1130 3858 1311 3921 mediocres
1327 3867 1359 3920 et
1380 3860 1521 3920 incertas

354 4094 356 4096 Ι
453 4034 466 4078 1
485 4028 628 4078 duodecim
641 4043 682 4091 qq:
702 4029 755 4078 XII
767 4045 809 4092 .p.
829 4023 841 4092 ΙΙ
864 4031 879 4079 3
898 4027 1060 4091 templi...
1079 4027 1284 4076 similitudinem
1302 4029 1371 4077 Por:
1391 4027 1521 4090 templum

386 4113 602 4168 ...similitudo
620 4128 678 4176 app.
701 4108 713 4176 {l
740 4112 872 4176 androgei
892 4113 1052 4175 cyrenensis
1069 4129 1126 4177 app.
1150 4109 1162 4177 ΙΙ
1190 4112 1295 4160 denim
1313 4117 1376 4160 sunt
1392 4127 1440 4176 pp:
1459 4115 1523 4159 sunt

388 4201 458 4249 enim
476 4216 498 4247 v.
516 4193 527 4263 ΙΙ
545 4199 559 4246 9
578 4197 726 4245 aestuosis:
745 4197 782 4245 sic
798 4213 856 4259 app.
880 4193 892 4261 ΙΙ
916 4198 946 4244 11
967 4196 1094 4259 quoniam
1113 4192 1187 4259 (qu
1205 4212 1227 4252 v,
1247 4195 1306 4255 Quo
1322 4195 1364 4260 9)ss
1384 4196 1443 4256 Quo
1462 4194 1521 4258 (pro

385 4283 455 4349 Quo)
473 4301 500 4347 p,
518 4278 529 4348 Η
548 4283 578 4329 14
596 4281 718 4330 lontibus
729 4279 774 4330 vel
791 4282 882 4344 puteis
893 4297 936 4344 cp:
956 4280 1046 4344 puteis
1058 4279 1103 4329 vel
1120 4280 1242 4328 fontibus
1252 4295 1278 4343 9.
1295 4276 1307 4344 ΙΙ
1324 4280 1355 4328 16
1372 4279 1520 4343 profluunt:

384 4371 421 4418 sic
437 4384 494 4432 opp.
522 4363 536 4432 1]
563 4368 593 4415 17
619 4365 717 4429 quibus
740 4365 812 4413 tales
835 4382 894 4430 epo:
927 4365 1003 4413 cuius
1026 4364 1098 4414 tales
1108 4360 1142 4428 ⁰9,
1167 4366 1243 4412 cuius
1262 4363 1286 4411 si
1303 4363 1376 4412 tales
1393 4380 1425 4425 op
1445 4360 1521 4422 (talis

384 4453 431 4516 oc).
454 4449 466 4518 ll
491 4452 587 4515 copiae
605 4461 632 4512 9':
654 4449 785 4512 copiavp.
809 4445 821 4514 ll
846 4446 875 4498 ei
891 4466 918 4512 p.
935 4445 946 4512 ΙΙ
964 4449 1132 4510 quaerenda:
1150 4451 1188 4497 sic
1204 4463 1261 4511 apg.
1277 4443 1289 4510 ΙΙ
1309 4449 1342 4495 20
1361 4447 1457 4510 quibus
1474 4461 1520 4510 op:

385 4539 413 4585 in
432 4537 529 4600 quibus
545 4551 570 4599 9.
586 4531 645 4599 1122
663 4533 752 4581 lateat
768 4549 797 4596 9:
820 4533 928 4583 latebat
945 4549 987 4596 ap.
1007 4529 1021 4598 [J
1041 4548 1090 4598 qra
1106 4550 1121 4582 υ
1139 4530 1218 4595 (aera
1234 4531 1285 4595 v⁶):
1306 4546 1370 4580 aere
1386 4547 1430 4595 pp.
1453 4527 1465 4595 ΙΙ
1487 4531 1520 4578 27

386 4624 408 4670 s
427 4637 455 4685 p:
480 4618 517 4669 s&
533 4636 559 4683 p,
578 4618 651 4669 sed&
667 4637 690 4671 υ.
701 4615 718 4684 ll
734 4621 767 4668 28
785 4618 918 4669 sabulone
936 4614 1230 4682 (sicmoaev.1p.sq.):
1249 4616 1363 4665 sablone
1373 4631 1430 4680 vpy.
1454 4611 1466 4680 ΙΙ
1488 4615 1519 4665 31

386 4704 560 4754 subsidentes
578 4721 604 4753 v:
623 4704 805 4753 subsistentes
820 4720 864 4768 pq.

412 4776 534 4841 sinitur.
551 4804 586 4837 ns
605 4803 717 4838 ⁴tuctur.
1282 4781 1321 4845 19
