<?xml version="1.0" encoding="UTF-8"?>
<!DOCTYPE html PUBLIC "-//W3C//DTD XHTML 1.0 Transitional//EN"
    "http://www.w3.org/TR/xhtml1/DTD/xhtml1-transitional.dtd">
<html xmlns="http://www.w3.org/1999/xhtml" xml:lang="en" lang="en">
 <head>
  <title>
</title>
<meta http-equiv="Content-Type" content="text/html;charset=utf-8" />
  <meta name='ocr-system' content='tesseract 3.04.00' />
  <meta name='ocr-capabilities' content='ocr_page ocr_carea ocr_par ocr_line ocrx_word'/>
</head>
<body>
  <div class='ocr_page' id='page_1' title='image "./vitruviidearchi01strgoog_0124.png"; bbox 0 0 3784 5625; ppageno 0'>
   <div class='ocr_carea' id='block_1_1' title="bbox 382 670 1027 735">
    <p class='ocr_par' dir='ltr' id='par_1_1' title="bbox 382 670 1027 735">
     <span class='ocr_line' id='line_1_1' title="bbox 382 670 1027 735; baseline -0.012 0"><span class='ocrx_word' id='word_1_1' title='bbox 382 670 442 735; x_wconf 86' lang='lat'><strong>106</strong></span> <span class='ocrx_word' id='word_1_2' title='bbox 870 681 1027 733; x_wconf 80' lang='lat' dir='ltr'><strong>mruuvu</strong></span> 
     </span>
    </p>
   </div>
   <div class='ocr_carea' id='block_1_2' title="bbox 329 833 1554 3561">
    <p class='ocr_par' dir='ltr' id='par_1_2' title="bbox 331 833 1552 1834">
     <span class='ocr_line' id='line_1_2' title="bbox 378 833 1552 922; baseline 0 -19"><span class='ocrx_word' id='word_1_3' title='bbox 378 847 521 919; x_wconf 80' lang='lat' dir='ltr'><strong>tuantur,</strong></span> <span class='ocrx_word' id='word_1_4' title='bbox 543 838 592 901; x_wconf 92' lang='lat' dir='ltr'><strong>uti</strong></span> <span class='ocrx_word' id='word_1_5' title='bbox 614 838 738 901; x_wconf 91' lang='lat' dir='ltr'><strong>suntin</strong></span> <span class='ocrx_word' id='word_1_6' title='bbox 754 835 838 900; x_wconf 89' lang='lat' dir='ltr'><strong>Iulia</strong></span> <span class='ocrx_word' id='word_1_7' title='bbox 853 847 885 901; x_wconf 90' lang='lat' dir='ltr'><strong>et</strong></span> <span class='ocrx_word' id='word_1_8' title='bbox 901 834 1087 922; x_wconf 82' lang='lat' dir='ltr'><strong>Aquiliana.</strong></span> <span class='ocrx_word' id='word_1_9' title='bbox 1125 834 1292 898; x_wconf 85' lang='lat' dir='ltr'>columnae</span> <span class='ocrx_word' id='word_1_10' title='bbox 1307 833 1520 899; x_wconf 82' lang='lat' dir='ltr'><strong>basilicarum</strong></span> <span class='ocrx_word' id='word_1_11' title='bbox 1537 855 1552 903; x_wconf 86' lang='lat'><strong>5</strong></span> 
     </span>
     <span class='ocr_line' id='line_1_3' title="bbox 379 935 1522 1025; baseline -0.003 -21"><span class='ocrx_word' id='word_1_12' title='bbox 379 950 445 1004; x_wconf 89' lang='lat' dir='ltr'><strong>tam</strong></span> <span class='ocrx_word' id='word_1_13' title='bbox 471 938 558 1003; x_wconf 88' lang='lat' dir='ltr'><strong>altae</strong></span> <span class='ocrx_word' id='word_1_14' title='bbox 587 960 682 1024; x_wconf 89' lang='lat' dir='ltr'><strong>quam</strong></span> <span class='ocrx_word' id='word_1_15' title='bbox 709 940 854 1025; x_wconf 88' lang='lat' dir='ltr'><strong>porticus</strong></span> <span class='ocrx_word' id='word_1_16' title='bbox 888 937 974 1001; x_wconf 89' lang='lat' dir='ltr'><strong>latae</strong></span> <span class='ocrx_word' id='word_1_17' title='bbox 1006 936 1129 999; x_wconf 88' lang='lat' dir='ltr'><strong>fuerint</strong></span> <span class='ocrx_word' id='word_1_18' title='bbox 1156 935 1327 1000; x_wconf 82' lang='lat' dir='ltr'><strong>faciendae</strong></span> <span class='ocrx_word' id='word_1_19' title='bbox 1353 936 1522 1018; x_wconf 84' lang='lat' dir='ltr'><strong>videntur,</strong></span> 
     </span>
     <span class='ocr_line' id='line_1_4' title="bbox 379 1038 1522 1127; baseline -0.003 -22"><span class='ocrx_word' id='word_1_20' title='bbox 379 1042 533 1127; x_wconf 86' lang='lat' dir='ltr'><strong>porticus,</strong></span> <span class='ocrx_word' id='word_1_21' title='bbox 556 1062 652 1125; x_wconf 88' lang='lat' dir='ltr'><strong>quam</strong></span> <span class='ocrx_word' id='word_1_22' title='bbox 674 1040 817 1104; x_wconf 89' lang='lat' dir='ltr'><strong>medium</strong></span> <span class='ocrx_word' id='word_1_23' title='bbox 840 1041 982 1125; x_wconf 92' lang='lat' dir='ltr'><strong>spatium</strong></span> <span class='ocrx_word' id='word_1_24' title='bbox 1003 1038 1149 1102; x_wconf 85' lang='lat' dir='ltr'><strong>futurum</strong></span> <span class='ocrx_word' id='word_1_25' title='bbox 1164 1046 1225 1118; x_wconf 89' lang='lat' dir='ltr'><strong>est,</strong></span> <span class='ocrx_word' id='word_1_26' title='bbox 1248 1060 1290 1100; x_wconf 90' lang='lat' dir='ltr'><strong>ex</strong></span> <span class='ocrx_word' id='word_1_27' title='bbox 1311 1038 1410 1102; x_wconf 88' lang='lat' dir='ltr'><strong>tertia</strong></span> <span class='ocrx_word' id='word_1_28' title='bbox 1430 1038 1522 1101; x_wconf 86' lang='lat' dir='ltr'><strong>tinia-</strong></span> 
     </span>
     <span class='ocr_line' id='line_1_5' title="bbox 380 1139 1523 1228; baseline -0.003 -21"><span class='ocrx_word' id='word_1_29' title='bbox 380 1153 441 1207; x_wconf 90' lang='lat' dir='ltr'><strong>tur.</strong></span> <span class='ocrx_word' id='word_1_30' title='bbox 486 1141 654 1206; x_wconf 83' lang='lat' dir='ltr'><strong>columnae</strong></span> <span class='ocrx_word' id='word_1_31' title='bbox 675 1142 856 1228; x_wconf 81' lang='lat' dir='ltr'><strong>superiores</strong></span> <span class='ocrx_word' id='word_1_32' title='bbox 878 1143 1020 1205; x_wconf 91' lang='lat' dir='ltr'><strong>minores</strong></span> <span class='ocrx_word' id='word_1_33' title='bbox 1043 1161 1140 1225; x_wconf 89' lang='lat' dir='ltr'><strong>quam</strong></span> <span class='ocrx_word' id='word_1_34' title='bbox 1154 1139 1337 1220; x_wconf 87' lang='lat' dir='ltr'><strong>inferiores,</strong></span> <span class='ocrx_word' id='word_1_35' title='bbox 1360 1141 1411 1203; x_wconf 89' lang='lat' dir='ltr'><strong>uti</strong></span> <span class='ocrx_word' id='word_1_36' title='bbox 1426 1162 1523 1226; x_wconf 90' lang='lat' dir='ltr'><strong>supra</strong></span> 
     </span>
     <span class='ocr_line' id='line_1_6' title="bbox 346 1239 1521 1329; baseline 0 -24"><span class='ocrx_word' id='word_1_37' title='bbox 346 1245 537 1329; x_wconf 69' lang='lat' dir='ltr'><strong>escriptum</strong></span> <span class='ocrx_word' id='word_1_38' title='bbox 560 1252 624 1324; x_wconf 90' lang='lat' dir='ltr'><strong>est,</strong></span> <span class='ocrx_word' id='word_1_39' title='bbox 654 1245 901 1307; x_wconf 88' lang='lat' dir='ltr'><strong>constituantur.</strong></span> <span class='ocrx_word' id='word_1_40' title='bbox 951 1242 1098 1328; x_wconf 90' lang='lat' dir='ltr'><strong>pluteum</strong></span> <span class='ocrx_word' id='word_1_41' title='bbox 1120 1239 1208 1326; x_wconf 90' lang='lat' dir='ltr'><strong>quod</strong></span> <span class='ocrx_word' id='word_1_42' title='bbox 1234 1240 1335 1304; x_wconf 86' lang='lat' dir='ltr'><strong>fuerit</strong></span> <span class='ocrx_word' id='word_1_43' title='bbox 1362 1242 1449 1304; x_wconf 89' lang='lat' dir='ltr'><strong>inter</strong></span> <span class='ocrx_word' id='word_1_44' title='bbox 1472 1264 1521 1305; x_wconf 91' lang='lat' dir='ltr'><strong>su-</strong></span> 
     </span>
     <span class='ocr_line' id='line_1_7' title="bbox 379 1343 1525 1432; baseline -0.002 -23"><span class='ocrx_word' id='word_1_45' title='bbox 379 1348 522 1432; x_wconf 89' lang='lat' dir='ltr'><strong>periores</strong></span> <span class='ocrx_word' id='word_1_46' title='bbox 550 1354 582 1409; x_wconf 88' lang='lat' dir='ltr'><strong>et</strong></span> <span class='ocrx_word' id='word_1_47' title='bbox 609 1343 782 1408; x_wconf 88' lang='lat' dir='ltr'><strong>inferiores</strong></span> <span class='ocrx_word' id='word_1_48' title='bbox 811 1344 994 1425; x_wconf 87' lang='lat' dir='ltr'><strong>columnas,</strong></span> <span class='ocrx_word' id='word_1_49' title='bbox 1028 1344 1107 1405; x_wconf 90' lang='lat' dir='ltr'><strong>item</strong></span> <span class='ocrx_word' id='word_1_50' title='bbox 1140 1351 1255 1426; x_wconf 87' lang='lat' dir='ltr'><strong>quarta</strong></span> <span class='ocrx_word' id='word_1_51' title='bbox 1289 1352 1382 1428; x_wconf 86' lang='lat' dir='ltr'><strong>parte</strong></span> <span class='ocrx_word' id='word_1_52' title='bbox 1414 1344 1525 1409; x_wconf 91' lang='lat' dir='ltr'><strong>minus</strong></span> 
     </span>
     <span class='ocr_line' id='line_1_8' title="bbox 380 1442 1524 1532; baseline -0.002 -22"><span class='ocrx_word' id='word_1_53' title='bbox 380 1469 476 1532; x_wconf 89' lang='lat' dir='ltr'><strong>quam</strong></span> <span class='ocrx_word' id='word_1_54' title='bbox 500 1446 683 1531; x_wconf 85' lang='lat' dir='ltr'><strong>superiores</strong></span> <span class='ocrx_word' id='word_1_55' title='bbox 706 1446 874 1511; x_wconf 86' lang='lat' dir='ltr'><strong>columnae</strong></span> <span class='ocrx_word' id='word_1_56' title='bbox 895 1447 1018 1510; x_wconf 88' lang='lat' dir='ltr'><strong>fuerint</strong></span> <span class='ocrx_word' id='word_1_57' title='bbox 1040 1453 1189 1531; x_wconf 84' lang='lat' dir='ltr'><strong>oportere</strong></span> <span class='ocrx_word' id='word_1_58' title='bbox 1211 1443 1282 1506; x_wconf 90' lang='lat' dir='ltr'><strong>fieri</strong></span> <span class='ocrx_word' id='word_1_59' title='bbox 1302 1442 1454 1526; x_wconf 86' lang='lat' dir='ltr'><strong>videtur,</strong></span> <span class='ocrx_word' id='word_1_60' title='bbox 1475 1446 1524 1508; x_wconf 92' lang='lat' dir='ltr'><strong>uti</strong></span> 
     </span>
     <span class='ocr_line' id='line_1_9' title="bbox 339 1544 1523 1632; baseline -0.002 -22"><span class='ocrx_word' id='word_1_61' title='bbox 339 1587 352 1616; x_wconf 68' lang='lat'><em>0</em></span> <span class='ocrx_word' id='word_1_62' title='bbox 380 1568 477 1632; x_wconf 91' lang='lat' dir='ltr'><strong>supra</strong></span> <span class='ocrx_word' id='word_1_63' title='bbox 498 1544 654 1609; x_wconf 87' lang='lat' dir='ltr'><strong>basilicae</strong></span> <span class='ocrx_word' id='word_1_64' title='bbox 676 1550 950 1632; x_wconf 73' lang='lat' dir='ltr'><strong>contignationem</strong></span> <span class='ocrx_word' id='word_1_65' title='bbox 973 1544 1177 1610; x_wconf 88' lang='lat' dir='ltr'><strong>ambulantes</strong></span> <span class='ocrx_word' id='word_1_66' title='bbox 1199 1544 1242 1608; x_wconf 93' lang='lat' dir='ltr'><strong>ab</strong></span> <span class='ocrx_word' id='word_1_67' title='bbox 1264 1545 1523 1629; x_wconf 84' lang='lat' dir='ltr'><strong>negotiatoribus</strong></span> 
     </span>
     <span class='ocr_line' id='line_1_10' title="bbox 379 1647 1522 1735; baseline -0.002 -23"><span class='ocrx_word' id='word_1_68' title='bbox 379 1670 420 1711; x_wconf 90' lang='lat' dir='ltr'><strong>ne</strong></span> <span class='ocrx_word' id='word_1_69' title='bbox 443 1647 694 1733; x_wconf 85' lang='lat' dir='ltr'><strong>conspiciantur.</strong></span> <span class='ocrx_word' id='word_1_70' title='bbox 732 1648 895 1735; x_wconf 89' lang='lat' dir='ltr'><strong>epistylia,</strong></span> <span class='ocrx_word' id='word_1_71' title='bbox 920 1647 1091 1734; x_wconf 86' lang='lat' dir='ltr'><strong>zophoroe,</strong></span> <span class='ocrx_word' id='word_1_72' title='bbox 1115 1667 1251 1711; x_wconf 87' lang='lat' dir='ltr'><strong>coronae</strong></span> <span class='ocrx_word' id='word_1_73' title='bbox 1265 1668 1308 1711; x_wconf 86' lang='lat' dir='ltr'><strong>ex</strong></span> <span class='ocrx_word' id='word_1_74' title='bbox 1323 1647 1522 1732; x_wconf 82' lang='lat' dir='ltr'><strong>symmetriis</strong></span> 
     </span>
     <span class='ocr_line' id='line_1_11' title="bbox 331 1746 1396 1834; baseline 0 -25"><span class='ocrx_word' id='word_1_75' title='bbox 331 1763 362 1809; x_wconf 94' lang='lat'><strong>10</strong></span> <span class='ocrx_word' id='word_1_76' title='bbox 381 1748 618 1830; x_wconf 87' lang='lat' dir='ltr'><strong>columnarum,</strong></span> <span class='ocrx_word' id='word_1_77' title='bbox 641 1750 690 1812; x_wconf 90' lang='lat' dir='ltr'><strong>uti</strong></span> <span class='ocrx_word' id='word_1_78' title='bbox 712 1751 747 1813; x_wconf 91' lang='lat' dir='ltr'><strong>in</strong></span> <span class='ocrx_word' id='word_1_79' title='bbox 769 1752 865 1814; x_wconf 89' lang='lat' dir='ltr'><strong>tertio</strong></span> <span class='ocrx_word' id='word_1_80' title='bbox 888 1750 971 1814; x_wconf 91' lang='lat' dir='ltr'><strong>libro</strong></span> <span class='ocrx_word' id='word_1_81' title='bbox 995 1749 1155 1829; x_wconf 87' lang='lat' dir='ltr'><strong>diximus,</strong></span> <span class='ocrx_word' id='word_1_82' title='bbox 1180 1746 1396 1834; x_wconf 86' lang='lat' dir='ltr'><strong>explicentur.</strong></span> 
     </span>
    </p>

    <p class='ocr_par' dir='ltr' id='par_1_3' title="bbox 367 1850 1551 2241">
     <span class='ocr_line' id='line_1_12' title="bbox 463 1850 1551 1936; baseline 0.003 -23"><span class='ocrx_word' id='word_1_83' title='bbox 463 1850 537 1914; x_wconf 88' lang='lat' dir='ltr'><strong>Non</strong></span> <span class='ocrx_word' id='word_1_84' title='bbox 564 1851 670 1914; x_wconf 90' lang='lat' dir='ltr'><strong>minus</strong></span> <span class='ocrx_word' id='word_1_85' title='bbox 698 1874 856 1915; x_wconf 91' lang='lat' dir='ltr'><strong>summam</strong></span> <span class='ocrx_word' id='word_1_86' title='bbox 884 1852 1078 1936; x_wconf 84' lang='lat' dir='ltr'><strong>dignitatem</strong></span> <span class='ocrx_word' id='word_1_87' title='bbox 1106 1860 1138 1913; x_wconf 90' lang='lat' dir='ltr'><strong>et</strong></span> <span class='ocrx_word' id='word_1_88' title='bbox 1159 1857 1364 1915; x_wconf 84' lang='lat' dir='ltr'><strong>venustatem</strong></span> <span class='ocrx_word' id='word_1_89' title='bbox 1386 1858 1551 1936; x_wconf 77' lang='lat' dir='ltr'><strong>possuntt</strong></span> 
     </span>
     <span class='ocr_line' id='line_1_13' title="bbox 379 1950 1523 2038; baseline -0.002 -23"><span class='ocrx_word' id='word_1_90' title='bbox 379 1952 499 2016; x_wconf 89' lang='lat' dir='ltr'><strong>habere</strong></span> <span class='ocrx_word' id='word_1_91' title='bbox 522 1953 777 2038; x_wconf 87' lang='lat' dir='ltr'><strong>comparationes</strong></span> <span class='ocrx_word' id='word_1_92' title='bbox 798 1951 1008 2017; x_wconf 89' lang='lat' dir='ltr'><strong>basilicarum</strong></span> <span class='ocrx_word' id='word_1_93' title='bbox 1030 1973 1094 2038; x_wconf 91' lang='lat' dir='ltr'><strong>quo</strong></span> <span class='ocrx_word' id='word_1_94' title='bbox 1115 1972 1234 2035; x_wconf 87' lang='lat' dir='ltr'><strong>genere</strong></span> <span class='ocrx_word' id='word_1_95' title='bbox 1250 1950 1405 2015; x_wconf 82' lang='lat' dir='ltr'><strong>Coloniae</strong></span> <span class='ocrx_word' id='word_1_96' title='bbox 1419 1950 1523 2015; x_wconf 88' lang='lat' dir='ltr'><strong>Iuliae</strong></span> 
     </span>
     <span class='ocr_line' id='line_1_14' title="bbox 367 2051 1522 2140; baseline -0.002 -24"><span class='ocrx_word' id='word_1_97' title='bbox 367 2054 530 2117; x_wconf 75' lang='lat' dir='ltr'><strong>Fanestri</strong></span> <span class='ocrx_word' id='word_1_98' title='bbox 553 2051 721 2117; x_wconf 89' lang='lat' dir='ltr'><strong>conlocavi</strong></span> <span class='ocrx_word' id='word_1_99' title='bbox 749 2055 926 2140; x_wconf 88' lang='lat' dir='ltr'><strong>curavique</strong></span> <span class='ocrx_word' id='word_1_100' title='bbox 954 2052 1153 2135; x_wconf 85' lang='lat' dir='ltr'><strong>faciendam,</strong></span> <span class='ocrx_word' id='word_1_101' title='bbox 1183 2054 1274 2117; x_wconf 88' lang='lat' dir='ltr'><strong>cuius</strong></span> <span class='ocrx_word' id='word_1_102' title='bbox 1296 2054 1522 2140; x_wconf 87' lang='lat' dir='ltr'><strong>proportiones</strong></span> 
     </span>
     <span class='ocr_line' id='line_1_15' title="bbox 380 2153 1522 2241; baseline -0.002 -23"><span class='ocrx_word' id='word_1_103' title='bbox 380 2164 412 2218; x_wconf 89' lang='lat' dir='ltr'><strong>et</strong></span> <span class='ocrx_word' id='word_1_104' title='bbox 434 2155 642 2241; x_wconf 86' lang='lat' dir='ltr'><strong>symmetriae</strong></span> <span class='ocrx_word' id='word_1_105' title='bbox 670 2156 718 2218; x_wconf 91' lang='lat' dir='ltr'><strong>sic</strong></span> <span class='ocrx_word' id='word_1_106' title='bbox 745 2164 820 2219; x_wconf 91' lang='lat' dir='ltr'><strong>sunt</strong></span> <span class='ocrx_word' id='word_1_107' title='bbox 849 2158 1057 2220; x_wconf 89' lang='lat' dir='ltr'><strong>constitutae.</strong></span> <span class='ocrx_word' id='word_1_108' title='bbox 1101 2153 1251 2218; x_wconf 88' lang='lat' dir='ltr'><strong>mediana</strong></span> <span class='ocrx_word' id='word_1_109' title='bbox 1279 2153 1409 2218; x_wconf 89' lang='lat' dir='ltr'><strong>testudo</strong></span> <span class='ocrx_word' id='word_1_110' title='bbox 1438 2154 1522 2218; x_wconf 91' lang='lat' dir='ltr'><strong>inter</strong></span> 
     </span>
    </p>

    <p class='ocr_par' dir='ltr' id='par_1_4' title="bbox 330 2255 1523 2749">
     <span class='ocr_line' id='line_1_16' title="bbox 330 2255 1521 2343; baseline 0.001 -26"><span class='ocrx_word' id='word_1_111' title='bbox 330 2270 361 2318; x_wconf 81' lang='lat'><strong>15</strong></span> <span class='ocrx_word' id='word_1_112' title='bbox 380 2256 545 2321; x_wconf 91' lang='lat' dir='ltr'><strong>columnas</strong></span> <span class='ocrx_word' id='word_1_113' title='bbox 579 2266 628 2320; x_wconf 90' lang='lat' dir='ltr'><strong>est</strong></span> <span class='ocrx_word' id='word_1_114' title='bbox 666 2255 763 2341; x_wconf 87' lang='lat' dir='ltr'><strong>longa</strong></span> <span class='ocrx_word' id='word_1_115' title='bbox 797 2257 897 2343; x_wconf 90' lang='lat' dir='ltr'><strong>pedes</strong></span> <span class='ocrx_word' id='word_1_116' title='bbox 924 2275 1010 2340; x_wconf 87' lang='lat' dir='ltr'><strong>cxx,</strong></span> <span class='ocrx_word' id='word_1_117' title='bbox 1044 2256 1111 2320; x_wconf 87' lang='lat' dir='ltr'><strong>lata</strong></span> <span class='ocrx_word' id='word_1_118' title='bbox 1139 2255 1238 2341; x_wconf 88' lang='lat' dir='ltr'><strong>pedes</strong></span> <span class='ocrx_word' id='word_1_119' title='bbox 1272 2274 1328 2319; x_wconf 79' lang='lat' dir='ltr'><strong>Lx.</strong></span> <span class='ocrx_word' id='word_1_120' title='bbox 1379 2256 1521 2341; x_wconf 88' lang='lat' dir='ltr'><strong>porticus</strong></span> 
     </span>
     <span class='ocr_line' id='line_1_17' title="bbox 380 2356 1522 2446; baseline -0.003 -24"><span class='ocrx_word' id='word_1_121' title='bbox 380 2361 449 2422; x_wconf 89' lang='lat' dir='ltr'><strong>eius</strong></span> <span class='ocrx_word' id='word_1_122' title='bbox 465 2360 552 2422; x_wconf 89' lang='lat' dir='ltr'><strong>circa</strong></span> <span class='ocrx_word' id='word_1_123' title='bbox 567 2358 764 2422; x_wconf 88' lang='lat' dir='ltr'><strong>testudinem</strong></span> <span class='ocrx_word' id='word_1_124' title='bbox 778 2360 864 2422; x_wconf 87' lang='lat' dir='ltr'><strong>inter</strong></span> <span class='ocrx_word' id='word_1_125' title='bbox 875 2361 1017 2446; x_wconf 89' lang='lat' dir='ltr'><strong>parietes</strong></span> <span class='ocrx_word' id='word_1_126' title='bbox 1030 2368 1062 2422; x_wconf 91' lang='lat' dir='ltr'><strong>et</strong></span> <span class='ocrx_word' id='word_1_127' title='bbox 1078 2356 1243 2422; x_wconf 89' lang='lat' dir='ltr'><strong>columnas</strong></span> <span class='ocrx_word' id='word_1_128' title='bbox 1261 2356 1328 2421; x_wconf 89' lang='lat' dir='ltr'><strong>lata</strong></span> <span class='ocrx_word' id='word_1_129' title='bbox 1345 2356 1446 2444; x_wconf 89' lang='lat' dir='ltr'><strong>pedes</strong></span> <span class='ocrx_word' id='word_1_130' title='bbox 1463 2374 1522 2419; x_wconf 85' lang='lat' dir='ltr'><strong>xx.</strong></span> 
     </span>
     <span class='ocr_line' id='line_1_18' title="bbox 380 2457 1521 2547; baseline -0.002 -24"><span class='ocrx_word' id='word_1_131' title='bbox 380 2460 548 2525; x_wconf 87' lang='lat' dir='ltr'><strong>columnae</strong></span> <span class='ocrx_word' id='word_1_132' title='bbox 563 2459 793 2524; x_wconf 89' lang='lat' dir='ltr'><strong>altitudinibus</strong></span> <span class='ocrx_word' id='word_1_133' title='bbox 809 2462 974 2547; x_wconf 88' lang='lat' dir='ltr'><strong>perpetuis</strong></span> <span class='ocrx_word' id='word_1_134' title='bbox 991 2482 1063 2523; x_wconf 89' lang='lat' dir='ltr'><strong>cum</strong></span> <span class='ocrx_word' id='word_1_135' title='bbox 1079 2457 1231 2546; x_wconf 88' lang='lat' dir='ltr'><strong>capitulis</strong></span> <span class='ocrx_word' id='word_1_136' title='bbox 1246 2458 1368 2544; x_wconf 88' lang='lat' dir='ltr'><strong>pedum</strong></span> <span class='ocrx_word' id='word_1_137' title='bbox 1383 2477 1416 2541; x_wconf 78' lang='lat' dir='ltr'><strong>n,</strong></span> <span class='ocrx_word' id='word_1_138' title='bbox 1437 2480 1521 2522; x_wconf 87' lang='lat' dir='ltr'><strong>cras·</strong></span> 
     </span>
     <span class='ocr_line' id='line_1_19' title="bbox 379 2560 1522 2647; baseline -0.003 -21"><span class='ocrx_word' id='word_1_139' title='bbox 379 2562 578 2627; x_wconf 88' lang='lat' dir='ltr'><strong>situdinibus</strong></span> <span class='ocrx_word' id='word_1_140' title='bbox 601 2562 750 2647; x_wconf 88' lang='lat' dir='ltr'><strong>quinum,</strong></span> <span class='ocrx_word' id='word_1_141' title='bbox 779 2562 937 2626; x_wconf 89' lang='lat' dir='ltr'><strong>habentes</strong></span> <span class='ocrx_word' id='word_1_142' title='bbox 966 2570 1040 2647; x_wconf 91' lang='lat' dir='ltr'><strong>post</strong></span> <span class='ocrx_word' id='word_1_143' title='bbox 1062 2582 1097 2624; x_wconf 91' lang='lat' dir='ltr'><strong>se</strong></span> <span class='ocrx_word' id='word_1_144' title='bbox 1119 2562 1333 2647; x_wconf 86' lang='lat' dir='ltr'><strong>parastaticas</strong></span> <span class='ocrx_word' id='word_1_145' title='bbox 1362 2560 1445 2624; x_wconf 88' lang='lat' dir='ltr'><strong>altas</strong></span> <span class='ocrx_word' id='word_1_146' title='bbox 1467 2582 1522 2647; x_wconf 90' lang='lat' dir='ltr'><strong>pe-</strong></span> 
     </span>
     <span class='ocr_line' id='line_1_20' title="bbox 380 2652 1523 2749; baseline -0.003 -22"><span class='ocrx_word' id='word_1_147' title='bbox 380 2652 527 2743; x_wconf 78' lang='lat' dir='ltr'><strong>des‘xx,</strong></span> <span class='ocrx_word' id='word_1_148' title='bbox 551 2662 633 2726; x_wconf 88' lang='lat' dir='ltr'><strong>latas</strong></span> <span class='ocrx_word' id='word_1_149' title='bbox 655 2662 754 2749; x_wconf 89' lang='lat' dir='ltr'><strong>pedes</strong></span> <span class='ocrx_word' id='word_1_150' title='bbox 779 2682 806 2725; x_wconf 92' lang='lat'><strong>11</strong></span> <span class='ocrx_word' id='word_1_151' title='bbox 820 2681 853 2745; x_wconf 82' lang='lat' dir='ltr'><strong>s,</strong></span> <span class='ocrx_word' id='word_1_152' title='bbox 883 2685 1008 2726; x_wconf 86' lang='lat' dir='ltr'><strong>crassas</strong></span> <span class='ocrx_word' id='word_1_153' title='bbox 1036 2680 1095 2744; x_wconf 81' lang='lat' dir='ltr'><strong>IS,</strong></span> <span class='ocrx_word' id='word_1_154' title='bbox 1125 2684 1207 2749; x_wconf 90' lang='lat' dir='ltr'><strong>quae</strong></span> <span class='ocrx_word' id='word_1_155' title='bbox 1230 2663 1392 2726; x_wconf 90' lang='lat' dir='ltr'><strong>sustinent</strong></span> <span class='ocrx_word' id='word_1_156' title='bbox 1414 2661 1523 2725; x_wconf 87' lang='lat' dir='ltr'><strong>trabes</strong></span> 
     </span>
    </p>

    <p class='ocr_par' dir='ltr' id='par_1_5' title="bbox 329 2763 1554 3257">
     <span class='ocr_line' id='line_1_21' title="bbox 329 2763 1524 2851; baseline 0.002 -26"><span class='ocrx_word' id='word_1_157' title='bbox 329 2778 362 2826; x_wconf 81' lang='lat'><strong>20</strong></span> <span class='ocrx_word' id='word_1_158' title='bbox 379 2766 414 2827; x_wconf 93' lang='lat' dir='ltr'><strong>in</strong></span> <span class='ocrx_word' id='word_1_159' title='bbox 441 2765 558 2849; x_wconf 92' lang='lat' dir='ltr'><strong>quibus</strong></span> <span class='ocrx_word' id='word_1_160' title='bbox 592 2763 790 2829; x_wconf 76' lang='lat' dir='ltr'><strong>invehrmtur</strong></span> <span class='ocrx_word' id='word_1_161' title='bbox 822 2765 1005 2851; x_wconf 85' lang='lat' dir='ltr'><strong>porticuum</strong></span> <span class='ocrx_word' id='word_1_162' title='bbox 1039 2765 1311 2850; x_wconf 87' lang='lat' dir='ltr'><strong>contignationes.</strong></span> <span class='ocrx_word' id='word_1_163' title='bbox 1362 2784 1524 2850; x_wconf 87' lang='lat' dir='ltr'><strong>supraque</strong></span> 
     </span>
     <span class='ocr_line' id='line_1_22' title="bbox 381 2863 1524 2951; baseline 0 -23"><span class='ocrx_word' id='word_1_164' title='bbox 381 2888 434 2928; x_wconf 89' lang='lat' dir='ltr'><strong>eas</strong></span> <span class='ocrx_word' id='word_1_165' title='bbox 467 2863 550 2927; x_wconf 90' lang='lat' dir='ltr'><strong>aliae</strong></span> <span class='ocrx_word' id='word_1_166' title='bbox 582 2866 798 2951; x_wconf 87' lang='lat' dir='ltr'><strong>parastaticae</strong></span> <span class='ocrx_word' id='word_1_167' title='bbox 831 2866 952 2951; x_wconf 88' lang='lat' dir='ltr'><strong>pedum</strong></span> <span class='ocrx_word' id='word_1_168' title='bbox 984 2885 1089 2950; x_wconf 85' lang='lat' dir='ltr'><strong>xvm,</strong></span> <span class='ocrx_word' id='word_1_169' title='bbox 1129 2865 1215 2929; x_wconf 87' lang='lat' dir='ltr'><strong>latae</strong></span> <span class='ocrx_word' id='word_1_170' title='bbox 1248 2865 1360 2948; x_wconf 88' lang='lat' dir='ltr'><strong>binos,</strong></span> <span class='ocrx_word' id='word_1_171' title='bbox 1394 2886 1524 2930; x_wconf 90' lang='lat' dir='ltr'><strong>crassae</strong></span> 
     </span>
     <span class='ocr_line' id='line_1_23' title="bbox 380 2966 1523 3053; baseline 0.003 -25"><span class='ocrx_word' id='word_1_172' title='bbox 380 2966 512 3052; x_wconf 86' lang='lat' dir='ltr'><strong>pedem,</strong></span> <span class='ocrx_word' id='word_1_173' title='bbox 542 2987 624 3051; x_wconf 89' lang='lat' dir='ltr'><strong>quae</strong></span> <span class='ocrx_word' id='word_1_174' title='bbox 654 2969 822 3053; x_wconf 88' lang='lat' dir='ltr'><strong>excipiunt</strong></span> <span class='ocrx_word' id='word_1_175' title='bbox 849 2969 929 3030; x_wconf 91' lang='lat' dir='ltr'><strong>item</strong></span> <span class='ocrx_word' id='word_1_176' title='bbox 957 2967 1065 3031; x_wconf 88' lang='lat' dir='ltr'><strong>trabes</strong></span> <span class='ocrx_word' id='word_1_177' title='bbox 1094 2969 1291 3032; x_wconf 89' lang='lat' dir='ltr'><strong>sustinentes</strong></span> <span class='ocrx_word' id='word_1_178' title='bbox 1321 2966 1523 3031; x_wconf 87' lang='lat' dir='ltr'><strong>cantherium</strong></span> 
     </span>
     <span class='ocr_line' id='line_1_24' title="bbox 381 3069 1522 3154; baseline 0.001 -24"><span class='ocrx_word' id='word_1_179' title='bbox 381 3077 413 3130; x_wconf 92' lang='lat' dir='ltr'><strong>et</strong></span> <span class='ocrx_word' id='word_1_180' title='bbox 434 3069 634 3154; x_wconf 89' lang='lat' dir='ltr'><strong>porticuum,</strong></span> <span class='ocrx_word' id='word_1_181' title='bbox 663 3089 746 3154; x_wconf 90' lang='lat' dir='ltr'><strong>quae</strong></span> <span class='ocrx_word' id='word_1_182' title='bbox 773 3079 850 3132; x_wconf 90' lang='lat' dir='ltr'><strong>sunt</strong></span> <span class='ocrx_word' id='word_1_183' title='bbox 877 3070 1048 3133; x_wconf 90' lang='lat' dir='ltr'><strong>summissa</strong></span> <span class='ocrx_word' id='word_1_184' title='bbox 1073 3069 1161 3133; x_wconf 87' lang='lat' dir='ltr'><strong>infra</strong></span> <span class='ocrx_word' id='word_1_185' title='bbox 1182 3069 1396 3150; x_wconf 89' lang='lat' dir='ltr'><strong>testudinem,</strong></span> <span class='ocrx_word' id='word_1_186' title='bbox 1425 3077 1522 3132; x_wconf 85' lang='lat' dir='ltr'><strong>tecta.</strong></span> 
     </span>
     <span class='ocr_line' id='line_1_25' title="bbox 379 3169 1554 3257; baseline 0.003 -24"><span class='ocrx_word' id='word_1_187' title='bbox 379 3169 505 3255; x_wconf 88' lang='lat' dir='ltr'><strong>reliqua</strong></span> <span class='ocrx_word' id='word_1_188' title='bbox 527 3171 634 3256; x_wconf 88' lang='lat' dir='ltr'><strong>spatia</strong></span> <span class='ocrx_word' id='word_1_189' title='bbox 654 3170 740 3233; x_wconf 89' lang='lat' dir='ltr'><strong>inter</strong></span> <span class='ocrx_word' id='word_1_190' title='bbox 761 3172 1032 3256; x_wconf 89' lang='lat' dir='ltr'><strong>parastaticarum</strong></span> <span class='ocrx_word' id='word_1_191' title='bbox 1048 3181 1080 3234; x_wconf 88' lang='lat' dir='ltr'><strong>et</strong></span> <span class='ocrx_word' id='word_1_192' title='bbox 1095 3171 1317 3235; x_wconf 90' lang='lat' dir='ltr'><strong>columnarum</strong></span> <span class='ocrx_word' id='word_1_193' title='bbox 1337 3169 1448 3233; x_wconf 89' lang='lat' dir='ltr'><strong>trabes</strong></span> <span class='ocrx_word' id='word_1_194' title='bbox 1464 3192 1523 3257; x_wconf 90' lang='lat' dir='ltr'><strong>per</strong></span> <span class='ocrx_word' id='word_1_195' title='bbox 1539 3186 1554 3237; x_wconf 75' lang='grc'><strong>7</strong></span> 
     </span>
    </p>

    <p class='ocr_par' dir='ltr' id='par_1_6' title="bbox 329 3270 1523 3561">
     <span class='ocr_line' id='line_1_26' title="bbox 329 3270 1522 3336; baseline 0.002 -4"><span class='ocrx_word' id='word_1_196' title='bbox 329 3285 362 3333; x_wconf 80' lang='lat'><strong>25</strong></span> <span class='ocrx_word' id='word_1_197' title='bbox 379 3270 627 3336; x_wconf 91' lang='lat' dir='ltr'><strong>intercolumnia</strong></span> <span class='ocrx_word' id='word_1_198' title='bbox 653 3270 828 3336; x_wconf 89' lang='lat' dir='ltr'><strong>luminibus</strong></span> <span class='ocrx_word' id='word_1_199' title='bbox 856 3280 932 3336; x_wconf 89' lang='lat' dir='ltr'><strong>sunt</strong></span> <span class='ocrx_word' id='word_1_200' title='bbox 958 3270 1082 3336; x_wconf 88' lang='lat' dir='ltr'><strong>relicta.</strong></span> <span class='ocrx_word' id='word_1_201' title='bbox 1127 3271 1295 3336; x_wconf 88' lang='lat' dir='ltr'><strong>columnae</strong></span> <span class='ocrx_word' id='word_1_202' title='bbox 1323 3272 1456 3336; x_wconf 90' lang='lat' dir='ltr'><strong>suntin</strong></span> <span class='ocrx_word' id='word_1_203' title='bbox 1478 3271 1522 3335; x_wconf 91' lang='lat' dir='ltr'><strong>la-</strong></span> 
     </span>
     <span class='ocr_line' id='line_1_27' title="bbox 380 3371 1522 3458; baseline 0.004 -25"><span class='ocrx_word' id='word_1_204' title='bbox 380 3371 520 3435; x_wconf 88' lang='lat' dir='ltr'><strong>titudine</strong></span> <span class='ocrx_word' id='word_1_205' title='bbox 542 3372 717 3437; x_wconf 90' lang='lat' dir='ltr'><strong>testudinis</strong></span> <span class='ocrx_word' id='word_1_206' title='bbox 746 3394 820 3436; x_wconf 90' lang='lat' dir='ltr'><strong>cum</strong></span> <span class='ocrx_word' id='word_1_207' title='bbox 848 3373 1060 3457; x_wconf 83' lang='lat' dir='ltr'><strong>angularibus</strong></span> <span class='ocrx_word' id='word_1_208' title='bbox 1089 3373 1206 3437; x_wconf 86' lang='lat' dir='ltr'><strong>dextra</strong></span> <span class='ocrx_word' id='word_1_209' title='bbox 1227 3395 1266 3437; x_wconf 92' lang='lat' dir='ltr'><strong>ac</strong></span> <span class='ocrx_word' id='word_1_210' title='bbox 1288 3375 1423 3437; x_wconf 86' lang='lat' dir='ltr'><strong>sinistra</strong></span> <span class='ocrx_word' id='word_1_211' title='bbox 1444 3394 1522 3458; x_wconf 88' lang='lat' dir='ltr'><strong>qua-</strong></span> 
     </span>
     <span class='ocr_line' id='line_1_28' title="bbox 379 3471 1523 3561; baseline 0.003 -26"><span class='ocrx_word' id='word_1_212' title='bbox 379 3481 508 3556; x_wconf 87' lang='lat' dir='ltr'><strong>ternae,</strong></span> <span class='ocrx_word' id='word_1_213' title='bbox 541 3474 576 3535; x_wconf 93' lang='lat' dir='ltr'><strong>in</strong></span> <span class='ocrx_word' id='word_1_214' title='bbox 603 3471 807 3557; x_wconf 86' lang='lat' dir='ltr'><strong>longitudine</strong></span> <span class='ocrx_word' id='word_1_215' title='bbox 842 3496 924 3560; x_wconf 88' lang='lat' dir='ltr'><strong>quae</strong></span> <span class='ocrx_word' id='word_1_216' title='bbox 953 3484 1003 3538; x_wconf 89' lang='lat' dir='ltr'><strong>est</strong></span> <span class='ocrx_word' id='word_1_217' title='bbox 1029 3474 1100 3539; x_wconf 88' lang='lat' dir='ltr'><strong>foro</strong></span> <span class='ocrx_word' id='word_1_218' title='bbox 1127 3476 1277 3561; x_wconf 91' lang='lat' dir='ltr'><strong>proxima</strong></span> <span class='ocrx_word' id='word_1_219' title='bbox 1310 3497 1385 3538; x_wconf 90' lang='lat' dir='ltr'><strong>cum</strong></span> <span class='ocrx_word' id='word_1_220' title='bbox 1417 3474 1523 3540; x_wconf 89' lang='lat' dir='ltr'><strong>isdem</strong></span> 
     </span>
    </p>
   </div>
   <div class='ocr_carea' id='block_1_3' title="bbox 377 3779 1521 4172">
    <p class='ocr_par' dir='ltr' id='par_1_7' title="bbox 377 3779 1521 4172">
     <span class='ocr_line' id='line_1_29' title="bbox 448 3779 1521 3850; baseline 0.007 -21"><span class='ocrx_word' id='word_1_221' title='bbox 448 3780 552 3830; x_wconf 84' lang='lat' dir='ltr'><strong>lIulia</strong></span> <span class='ocrx_word' id='word_1_222' title='bbox 570 3785 598 3832; x_wconf 89' lang='lat' dir='ltr'><strong>et</strong></span> <span class='ocrx_word' id='word_1_223' title='bbox 619 3781 771 3845; x_wconf 87' lang='lat' dir='ltr'><strong>Aquiliana</strong></span> <span class='ocrx_word' id='word_1_224' title='bbox 789 3783 885 3836; x_wconf 78' lang='lat' dir='ltr'><strong>Rebar:</strong></span> <span class='ocrx_word' id='word_1_225' title='bbox 910 3784 978 3833; x_wconf 90' lang='lat' dir='ltr'><strong>iulia</strong></span> <span class='ocrx_word' id='word_1_226' title='bbox 996 3784 1137 3849; x_wconf 84' lang='lat' dir='ltr'><strong>aquiliana</strong></span> <span class='ocrx_word' id='word_1_227' title='bbox 1158 3784 1215 3835; x_wconf 82' lang='lat' dir='ltr'><strong>GH.</strong></span> <span class='ocrx_word' id='word_1_228' title='bbox 1242 3779 1254 3850; x_wconf 86' lang='grc' dir='ltr'><strong>ΙΙ</strong></span> <span class='ocrx_word' id='word_1_229' title='bbox 1280 3785 1368 3847; x_wconf 74' lang='lat' dir='ltr'><strong>3qu5</strong></span> <span class='ocrx_word' id='word_1_230' title='bbox 1388 3783 1521 3836; x_wconf 86' lang='lat' dir='ltr'><strong>medium:</strong></span> 
     </span>
     <span class='ocr_line' id='line_1_30' title="bbox 377 3867 1520 3974; baseline 0.002 -25"><span class='ocrx_word' id='word_1_231' title='bbox 377 3901 415 3949; x_wconf 84' lang='lat' dir='ltr'><strong>sic</strong></span> <span class='ocrx_word' id='word_1_232' title='bbox 435 3899 494 3951; x_wconf 82' lang='lat' dir='ltr'><strong>GH.</strong></span> <span class='ocrx_word' id='word_1_233' title='bbox 517 3896 529 3964; x_wconf 86' lang='grc' dir='ltr'><strong>ΙΙ</strong></span> <span class='ocrx_word' id='word_1_234' title='bbox 552 3902 568 3950; x_wconf 88' lang='grc'><strong>9</strong></span> <span class='ocrx_word' id='word_1_235' title='bbox 586 3901 830 3965; x_wconf 85' lang='lat' dir='ltr'><strong>neconspiciantur</strong></span> <span class='ocrx_word' id='word_1_236' title='bbox 848 3900 946 3965; x_wconf 89' lang='lat' dir='ltr'><strong>(necon</strong></span> <span class='ocrx_word' id='word_1_237' title='bbox 964 3917 1004 3968; x_wconf 88' lang='lat' dir='ltr'><strong>sp.</strong></span> <span class='ocrx_word' id='word_1_238' title='bbox 1023 3900 1077 3966; x_wconf 84' lang='lat' dir='ltr'><strong>Hc)</strong></span> <span class='ocrx_word' id='word_1_239' title='bbox 1097 3904 1129 3952; x_wconf 88' lang='lat' dir='ltr'><em>H</em></span> <span class='ocrx_word' id='word_1_240' title='bbox 1144 3900 1227 3965; x_wconf 87' lang='lat' dir='ltr'><strong>(Llc):</strong></span> <span class='ocrx_word' id='word_1_241' title='bbox 1246 3916 1299 3950; x_wconf 89' lang='lat' dir='ltr'><strong>nec</strong></span> <span class='ocrx_word' id='word_1_242' title='bbox 1318 3867 1520 3974; x_wconf 62' lang='lat' dir='ltr'><strong>conspilidntur</strong></span> 
     </span>
     <span class='ocr_line' id='line_1_31' title="bbox 380 3988 1521 4086; baseline 0.003 -18"><span class='ocrx_word' id='word_1_243' title='bbox 380 4018 408 4069; x_wconf 85' lang='lat' dir='ltr'><strong>G.</strong></span> <span class='ocrx_word' id='word_1_244' title='bbox 433 4013 444 4083; x_wconf 71' lang='lat' dir='ltr'><strong>ll</strong></span> <span class='ocrx_word' id='word_1_245' title='bbox 460 3993 605 4083; x_wconf 32' lang='lat' dir='ltr'><strong>&#39;zophoroe</strong></span> <span class='ocrx_word' id='word_1_246' title='bbox 623 4035 669 4083; x_wconf 69' lang='lat' dir='ltr'><strong>eqo</strong></span> <span class='ocrx_word' id='word_1_247' title='bbox 693 4017 762 4083; x_wconf 90' lang='lat' dir='ltr'><strong>(-ri</strong></span> <span class='ocrx_word' id='word_1_248' title='bbox 779 4018 862 4085; x_wconf 80' lang='lat' dir='ltr'><strong>Joc.):</strong></span> <span class='ocrx_word' id='word_1_249' title='bbox 890 4021 1012 4084; x_wconf 75' lang='lat' dir='ltr'><strong>zophoro</strong></span> <span class='ocrx_word' id='word_1_250' title='bbox 1034 4021 1092 4073; x_wconf 82' lang='lat' dir='ltr'><strong>GH.</strong></span> <span class='ocrx_word' id='word_1_251' title='bbox 1116 4016 1128 4085; x_wconf 82' lang='grc' dir='ltr'><strong>ΙΙ</strong></span> <span class='ocrx_word' id='word_1_252' title='bbox 1152 3988 1180 4084; x_wconf 67' lang='lat' dir='ltr'><strong>dt</strong></span> <span class='ocrx_word' id='word_1_253' title='bbox 1202 4019 1361 4069; x_wconf 84' lang='lat' dir='ltr'><strong>simmetriis</strong></span> <span class='ocrx_word' id='word_1_254' title='bbox 1386 4019 1429 4070; x_wconf 79' lang='lat'><strong>60.</strong></span> <span class='ocrx_word' id='word_1_255' title='bbox 1454 4016 1466 4086; x_wconf 79' lang='lat' dir='ltr'>ss</span> <span class='ocrx_word' id='word_1_256' title='bbox 1489 4023 1521 4072; x_wconf 83' lang='lat' dir='ltr'><strong>lo</strong></span> 
     </span>
     <span class='ocr_line' id='line_1_32' title="bbox 378 4100 1518 4172; baseline 0.004 -22"><span class='ocrx_word' id='word_1_257' title='bbox 378 4103 420 4151; x_wconf 88' lang='lat' dir='ltr'><strong>uti</strong></span> <span class='ocrx_word' id='word_1_258' title='bbox 437 4103 478 4154; x_wconf 90' lang='lat' dir='ltr'><strong>in:</strong></span> <span class='ocrx_word' id='word_1_259' title='bbox 497 4100 688 4169; x_wconf 71' lang='lat' dir='ltr'><strong>sicGH.1112</strong></span> <span class='ocrx_word' id='word_1_260' title='bbox 708 4103 814 4170; x_wconf 64' lang='lat' dir='ltr'><strong>colonia</strong></span> <span class='ocrx_word' id='word_1_261' title='bbox 835 4105 867 4154; x_wconf 83' lang='lat' dir='ltr'><strong>G:</strong></span> <span class='ocrx_word' id='word_1_262' title='bbox 888 4105 1042 4155; x_wconf 87' lang='lat' dir='ltr'><strong>columniae</strong></span> <span class='ocrx_word' id='word_1_263' title='bbox 1060 4105 1090 4153; x_wconf 88' lang='lat' dir='ltr'><em>H</em></span> <span class='ocrx_word' id='word_1_264' title='bbox 1102 4103 1144 4168; x_wconf 84' lang='lat' dir='ltr'><strong>(L,</strong></span> <span class='ocrx_word' id='word_1_265' title='bbox 1163 4103 1306 4154; x_wconf 89' lang='lat' dir='ltr'><strong>columnae</strong></span> <span class='ocrx_word' id='word_1_266' title='bbox 1324 4103 1365 4152; x_wconf 71' lang='lat' dir='ltr'><strong>leli</strong></span> <span class='ocrx_word' id='word_1_267' title='bbox 1385 4101 1448 4172; x_wconf 80' lang='lat' dir='ltr'><strong>[of].</strong></span> <span class='ocrx_word' id='word_1_268' title='bbox 1476 4118 1518 4154; x_wconf 87' lang='lat' dir='ltr'><strong>co·</strong></span> 
     </span>
    </p>
   </div>
   <div class='ocr_carea' id='block_1_4' title="bbox 378 4187 1517 4405">
    <p class='ocr_par' dir='ltr' id='par_1_8' title="bbox 378 4187 1517 4405">
     <span class='ocr_line' id='line_1_33' title="bbox 378 4187 1516 4271; baseline 0.004 -20"><span class='ocrx_word' id='word_1_269' title='bbox 378 4187 529 4252; x_wconf 81' lang='lat' dir='ltr'><strong>lumniaeb</strong></span> <span class='ocrx_word' id='word_1_270' title='bbox 541 4203 626 4253; x_wconf 85' lang='lat' dir='ltr'><strong>iuliae</strong></span> <span class='ocrx_word' id='word_1_271' title='bbox 638 4202 683 4267; x_wconf 87' lang='lat' dir='ltr'><strong>L).</strong></span> <span class='ocrx_word' id='word_1_272' title='bbox 696 4200 708 4270; x_wconf 76' lang='grc' dir='ltr'>Η</span> <span class='ocrx_word' id='word_1_273' title='bbox 726 4207 757 4254; x_wconf 85' lang='grc'><strong>13</strong></span> <span class='ocrx_word' id='word_1_274' title='bbox 771 4193 888 4271; x_wconf 66' lang='grc' dir='ltr'><strong>ἰᾷιιθεῐιί</strong></span> <span class='ocrx_word' id='word_1_275' title='bbox 907 4206 949 4255; x_wconf 78' lang='lat'><strong>60.</strong></span> <span class='ocrx_word' id='word_1_276' title='bbox 973 4202 985 4270; x_wconf 70' lang='lat' dir='ltr'><strong>tl</strong></span> <span class='ocrx_word' id='word_1_277' title='bbox 1007 4205 1164 4255; x_wconf 86' lang='lat' dir='ltr'><strong>faciendam</strong></span> <span class='ocrx_word' id='word_1_278' title='bbox 1182 4205 1211 4253; x_wconf 86' lang='lat' dir='ltr'><em>H</em></span> <span class='ocrx_word' id='word_1_279' title='bbox 1230 4202 1313 4269; x_wconf 75' lang='lat' dir='ltr'><strong>(Llc)z</strong></span> <span class='ocrx_word' id='word_1_280' title='bbox 1333 4203 1431 4254; x_wconf 88' lang='lat' dir='ltr'><strong>-dum</strong></span> <span class='ocrx_word' id='word_1_281' title='bbox 1456 4205 1484 4256; x_wconf 80' lang='lat' dir='ltr'><strong>G.</strong></span> <span class='ocrx_word' id='word_1_282' title='bbox 1503 4202 1516 4270; x_wconf 80' lang='grc' dir='ltr'><strong>ΙΙ</strong></span> 
     </span>
     <span class='ocr_line' id='line_1_34' title="bbox 380 4280 1517 4405; baseline 0.004 -19"><span class='ocrx_word' id='word_1_283' title='bbox 380 4339 411 4388; x_wconf 80' lang='grc'><strong>17</strong></span> <span class='ocrx_word' id='word_1_284' title='bbox 430 4336 584 4387; x_wconf 84' lang='lat' dir='ltr'><strong>altitudinis</strong></span> <span class='ocrx_word' id='word_1_285' title='bbox 601 4341 670 4389; x_wconf 81' lang='lat' dir='ltr'><strong>sotus</strong></span> <span class='ocrx_word' id='word_1_286' title='bbox 689 4339 724 4388; x_wconf 77' lang='lat'><strong>6⁰</strong></span> <span class='ocrx_word' id='word_1_287' title='bbox 742 4338 789 4402; x_wconf 82' lang='lat' dir='ltr'><strong>(ric</strong></span> <span class='ocrx_word' id='word_1_288' title='bbox 807 4280 999 4403; x_wconf 61' lang='lat' dir='ltr'><strong>altitudtiilip.</strong></span> <span class='ocrx_word' id='word_1_289' title='bbox 1016 4336 1028 4405; x_wconf 77' lang='grc' dir='ltr'><strong>Ι]</strong></span> <span class='ocrx_word' id='word_1_290' title='bbox 1045 4340 1144 4404; x_wconf 87' lang='lat' dir='ltr'><strong>pedum</strong></span> <span class='ocrx_word' id='word_1_291' title='bbox 1162 4341 1185 4389; x_wconf 91' lang='lat' dir='ltr'>L</span> <span class='ocrx_word' id='word_1_292' title='bbox 1203 4341 1275 4390; x_wconf 68' lang='lat' dir='ltr'><strong>loa:</strong></span> <span class='ocrx_word' id='word_1_293' title='bbox 1294 4339 1379 4405; x_wconf 83' lang='lat' dir='ltr'><strong>pedes</strong></span> <span class='ocrx_word' id='word_1_294' title='bbox 1392 4341 1416 4390; x_wconf 90' lang='lat' dir='ltr'>L</span> <span class='ocrx_word' id='word_1_295' title='bbox 1436 4338 1517 4404; x_wconf 56' lang='lat' dir='ltr'><strong>Gal}</strong></span> 
     </span>
    </p>
   </div>
   <div class='ocr_carea' id='block_1_5' title="bbox 379 4427 1516 4523">
    <p class='ocr_par' dir='ltr' id='par_1_9' title="bbox 379 4427 1516 4523">
     <span class='ocr_line' id='line_1_35' title="bbox 379 4427 1516 4523; baseline 0.002 -20"><span class='ocrx_word' id='word_1_296' title='bbox 379 4456 410 4504; x_wconf 81' lang='lat'><strong>19</strong></span> <span class='ocrx_word' id='word_1_297' title='bbox 428 4455 502 4504; x_wconf 89' lang='lat' dir='ltr'><strong>latas</strong></span> <span class='ocrx_word' id='word_1_298' title='bbox 521 4458 575 4505; x_wconf 76' lang='lat' dir='ltr'><strong>ed:</strong></span> <span class='ocrx_word' id='word_1_299' title='bbox 594 4455 669 4506; x_wconf 86' lang='lat' dir='ltr'><strong>latae</strong></span> <span class='ocrx_word' id='word_1_300' title='bbox 688 4457 760 4523; x_wconf 73' lang='lat' dir='ltr'><strong>(-te</strong></span> <span class='ocrx_word' id='word_1_301' title='bbox 781 4455 812 4520; x_wconf 82' lang='lat' dir='ltr'><strong>G)</strong></span> <span class='ocrx_word' id='word_1_302' title='bbox 833 4456 891 4507; x_wconf 80' lang='lat' dir='ltr'><strong>GH.</strong></span> <span class='ocrx_word' id='word_1_303' title='bbox 915 4453 927 4522; x_wconf 82' lang='grc' dir='ltr'><strong>ΙΙ</strong></span> <span class='ocrx_word' id='word_1_304' title='bbox 947 4458 1009 4508; x_wconf 74' lang='lat'><em>115&lt;</em></span> <span class='ocrx_word' id='word_1_305' title='bbox 1092 4457 1152 4515; x_wconf 69' lang='lat'><strong>1⁵5:</strong></span> <span class='ocrx_word' id='word_1_306' title='bbox 1170 4459 1207 4507; x_wconf 79' lang='lat' dir='ltr'><strong>stc</strong></span> <span class='ocrx_word' id='word_1_307' title='bbox 1226 4457 1279 4507; x_wconf 83' lang='lat' dir='ltr'><strong>GH</strong></span> <span class='ocrx_word' id='word_1_308' title='bbox 1295 4427 1367 4522; x_wconf 63' lang='lat' dir='ltr'><strong>(llis</strong></span> <span class='ocrx_word' id='word_1_309' title='bbox 1386 4457 1441 4523; x_wconf 77' lang='lat'><strong>60).</strong></span> <span class='ocrx_word' id='word_1_310' title='bbox 1457 4453 1470 4523; x_wconf 90' lang='grc' dir='ltr'><strong>ΙΙ</strong></span> <span class='ocrx_word' id='word_1_311' title='bbox 1484 4459 1516 4506; x_wconf 77' lang='lat' dir='ltr'><strong>tl</strong></span> 
     </span>
    </p>
   </div>
   <div class='ocr_carea' id='block_1_6' title="bbox 304 4541 1518 4791">
    <p class='ocr_par' dir='ltr' id='par_1_10' title="bbox 304 4541 1518 4791">
     <span class='ocr_line' id='line_1_36' title="bbox 304 4541 1518 4624; baseline 0.002 -21"><span class='ocrx_word' id='word_1_312' title='bbox 304 4568 310 4577; x_wconf 91' lang='lat'>·</span> <span class='ocrx_word' id='word_1_313' title='bbox 377 4541 549 4618; x_wconf 62' lang='lat' dir='ltr'><strong>parastatis</strong></span> <span class='ocrx_word' id='word_1_314' title='bbox 569 4554 611 4610; x_wconf 70' lang='lat' dir='ltr'><strong>oo.</strong></span> <span class='ocrx_word' id='word_1_315' title='bbox 627 4553 639 4621; x_wconf 76' lang='lat' dir='ltr'><strong>u</strong></span> <span class='ocrx_word' id='word_1_316' title='bbox 655 4557 748 4608; x_wconf 87' lang='lat' dir='ltr'><strong>xvnr</strong></span> <span class='ocrx_word' id='word_1_317' title='bbox 768 4558 817 4608; x_wconf 82' lang='lat' dir='ltr'><strong>on</strong></span> <span class='ocrx_word' id='word_1_318' title='bbox 836 4556 887 4622; x_wconf 78' lang='lat' dir='ltr'><strong>(az,</strong></span> <span class='ocrx_word' id='word_1_319' title='bbox 906 4557 1014 4609; x_wconf 90' lang='lat' dir='ltr'><strong>xv1111</strong></span> <span class='ocrx_word' id='word_1_320' title='bbox 1031 4559 1082 4622; x_wconf 65' lang='lat' dir='ltr'><strong>aa).</strong></span> <span class='ocrx_word' id='word_1_321' title='bbox 1100 4555 1112 4624; x_wconf 77' lang='grc' dir='ltr'><strong>ιι</strong></span> <span class='ocrx_word' id='word_1_322' title='bbox 1128 4559 1208 4609; x_wconf 74' lang='lat' dir='ltr'><strong>snos</strong></span> <span class='ocrx_word' id='word_1_323' title='bbox 1221 4558 1304 4607; x_wconf 63' lang='lat' dir='ltr'><strong>Ma:</strong></span> <span class='ocrx_word' id='word_1_324' title='bbox 1323 4559 1418 4609; x_wconf 76' lang='lat' dir='ltr'><strong>ornum</strong></span> <span class='ocrx_word' id='word_1_325' title='bbox 1437 4558 1518 4622; x_wconf 79' lang='lat' dir='ltr'><strong>(-no</strong></span> 
     </span>
     <span class='ocr_line' id='line_1_37' title="bbox 380 4635 1518 4708; baseline 0.005 -23"><span class='ocrx_word' id='word_1_326' title='bbox 380 4637 411 4699; x_wconf 85' lang='lat' dir='ltr'><strong>G)</strong></span> <span class='ocrx_word' id='word_1_327' title='bbox 433 4638 489 4687; x_wconf 80' lang='lat' dir='ltr'><strong>GH.</strong></span> <span class='ocrx_word' id='word_1_328' title='bbox 513 4635 525 4703; x_wconf 82' lang='grc' dir='ltr'><strong>Η</strong></span> <span class='ocrx_word' id='word_1_329' title='bbox 547 4641 579 4688; x_wconf 81' lang='lat'><strong>23</strong></span> <span class='ocrx_word' id='word_1_330' title='bbox 597 4641 749 4703; x_wconf 88' lang='lat' dir='ltr'><strong>porticuum</strong></span> <span class='ocrx_word' id='word_1_331' title='bbox 766 4643 837 4691; x_wconf 85' lang='lat' dir='ltr'><strong>Joc:</strong></span> <span class='ocrx_word' id='word_1_332' title='bbox 855 4643 991 4707; x_wconf 89' lang='lat' dir='ltr'><strong>porticum</strong></span> <span class='ocrx_word' id='word_1_333' title='bbox 1010 4641 1088 4706; x_wconf 81' lang='lat' dir='ltr'><strong>(-ci1</strong></span> <span class='ocrx_word' id='word_1_334' title='bbox 1108 4641 1139 4706; x_wconf 83' lang='lat' dir='ltr'><strong>G)</strong></span> <span class='ocrx_word' id='word_1_335' title='bbox 1160 4642 1218 4693; x_wconf 82' lang='lat' dir='ltr'><strong>GH.</strong></span> <span class='ocrx_word' id='word_1_336' title='bbox 1238 4638 1251 4708; x_wconf 79' lang='grc' dir='ltr'><strong>ΙΙ</strong></span> <span class='ocrx_word' id='word_1_337' title='bbox 1272 4644 1306 4692; x_wconf 78' lang='grc'><strong>25</strong></span> <span class='ocrx_word' id='word_1_338' title='bbox 1322 4643 1469 4695; x_wconf 78' lang='lat' dir='ltr'><strong>latitudine</strong></span> <span class='ocrx_word' id='word_1_339' title='bbox 1483 4641 1518 4691; x_wconf 79' lang='lat' dir='ltr'><strong>G:</strong></span> 
     </span>
     <span class='ocr_line' id='line_1_38' title="bbox 380 4718 1138 4791; baseline 0.017 -24"><span class='ocrx_word' id='word_1_340' title='bbox 380 4718 574 4771; x_wconf 71' lang='lat' dir='ltr'><strong>altitudines!</strong></span> <span class='ocrx_word' id='word_1_341' title='bbox 591 4719 652 4786; x_wconf 79' lang='lat' dir='ltr'><strong>(ct).</strong></span> <span class='ocrx_word' id='word_1_342' title='bbox 676 4720 689 4789; x_wconf 87' lang='grc' dir='ltr'><strong>ΙΙ</strong></span> <span class='ocrx_word' id='word_1_343' title='bbox 710 4726 743 4775; x_wconf 78' lang='grc'><strong>27</strong></span> <span class='ocrx_word' id='word_1_344' title='bbox 760 4724 819 4776; x_wconf 73' lang='grc' dir='ltr'><strong>ἰεᾱέ</strong></span> <span class='ocrx_word' id='word_1_345' title='bbox 839 4724 867 4785; x_wconf 81' lang='lat' dir='ltr'><strong>G,</strong></span> <span class='ocrx_word' id='word_1_346' title='bbox 884 4725 992 4777; x_wconf 82' lang='lat' dir='ltr'><strong>hisdem</strong></span> <span class='ocrx_word' id='word_1_347' title='bbox 1010 4728 1039 4776; x_wconf 86' lang='lat' dir='ltr'><em>H</em></span> <span class='ocrx_word' id='word_1_348' title='bbox 1058 4724 1138 4791; x_wconf 75' lang='lat' dir='ltr'><strong>(Llr).</strong></span> 
     </span>
    </p>
   </div>
   <div class='ocr_carea' id='block_1_7' title="bbox 0 0 1896 5625">
    <p class='ocr_par' dir='ltr' id='par_1_11' title="bbox 0 0 1896 5625">
     <span class='ocr_line' id='line_1_39' title="bbox 0 0 1896 5625; baseline 0 0"><span class='ocrx_word' id='word_1_349' title='bbox 0 0 1896 5625; x_wconf 95' lang='lat' dir='ltr'><strong> </strong></span> 
     </span>
    </p>
   </div>
  </div>
 </body>
</html>
