3784 5625
682 669 729 714 na
752 668 1018 717 naoflrrscruaa
1043 672 1112 718 nra.
1135 673 1196 718 vu.
1449 660 1507 723 181

364 820 452 907 pilae
473 818 624 884 manibus
646 820 807 886 versando
830 820 1016 888 efficiuntur
1043 832 1075 887 et
1103 824 1149 888 ita
1170 824 1375 910 conligantur
1396 837 1432 891 ut
1460 830 1507 891 in-

365 930 527 987 arescant.
571 921 682 985 aridae
704 933 939 1009 componuntur
968 925 1001 988 in
1023 947 1120 990 urceo
1148 925 1255 1008 fictili,
1278 927 1366 991 urcei
1388 930 1422 992 in
1443 917 1507 993 foi-

363 1046 455 1089 nace.
506 1023 603 1087 simul
629 1032 737 1088 autem
764 1045 819 1088 aes
842 1034 874 1090 et
902 1048 939 1089 ea
967 1026 1089 1091 harena
1118 1027 1160 1092 ab
1187 1029 1274 1113 ignis
1302 1029 1508 1094 vehementia

364 1123 641 1191 confervescendo
663 1125 857 1209 coaluerint,
888 1128 975 1190 inter
996 1149 1031 1191 se
1053 1128 1161 1193 dando
1184 1139 1216 1193 et
1242 1131 1432 1216 accipiendo
1454 1154 1506 1196 su·

363 1229 461 1293 dores
489 1249 510 1292 a
541 1226 796 1313 proprietatibus
830 1227 1004 1292 discedunt
1038 1232 1171 1316 suisque
1197 1230 1295 1295 rebus
1328 1253 1386 1318 per
1419 1233 1541 1317 ignis5

330 1344 346 1391 2
362 1328 608 1393 vehementiam
630 1327 789 1393 confectis
807 1330 953 1395 caeruleo
967 1330 1162 1415 rediguntur
1176 1330 1292 1397 colore.
1329 1341 1404 1397 usta
1418 1355 1506 1417 vero,

363 1451 448 1515 quac
476 1430 558 1495 satis
585 1426 684 1493 habet
710 1428 864 1495 utilitatis
890 1431 926 1493 in
948 1431 1102 1519 operibus
1124 1433 1285 1516 tectoriis,
1316 1433 1364 1496 sic
1385 1443 1506 1521 tempe-

362 1541 465 1597 ratur.
502 1529 622 1616 glaeba
643 1530 713 1595 silis
736 1531 815 1597 boni
837 1533 987 1618 coquitur
1001 1543 1038 1598 ut
1060 1536 1103 1599 sit
1125 1535 1160 1598 in
1187 1535 1257 1619 igni
1279 1534 1431 1599 candens.
1470 1558 1507 1600 ea

362 1642 473 1699 autem
494 1640 587 1696 aceto
609 1634 813 1718 extinguitur
835 1644 867 1698 et
889 1633 1031 1698 efficitur
1052 1656 1214 1722 purpureo
1237 1635 1353 1700 colore.

330 1751 343 1797 1
448 1735 503 1809 De
535 1755 666 1799 cenrssa
698 1736 918 1822 aerugineque
952 1758 1048 1822 quam
1075 1738 1179 1800 nostri
1211 1758 1361 1801 aerucam
1388 1749 1507 1803 vocant
1525 1755 1578 1805 xl1

361 1845 501 1902 nonest
529 1833 672 1900 alienum
698 1836 970 1923 quemadmodum
998 1836 1202 1923 comparetur
1227 1838 1346 1902 dicere.
1390 1839 1505 1906 Rhodo
1525 1858 1554 1904 11

362 1938 451 2002 enim
480 1931 578 2003 doliis
606 1947 770 2002 sarmenta
802 1936 1008 2003 conlocantes
1034 1947 1126 2003 aceto
1159 1940 1281 2005 suffirso
1313 1963 1411 2027 supra
1439 1964 1505 2006 sar-

360 2048 475 2105 menta
501 2037 671 2103 conlocant
688 2020 867 2126 'plumbeas
895 2061 1035 2122 massas,
1064 2039 1183 2103 deinde
1205 2063 1244 2104 ea
1266 2041 1426 2128 operculis
1449 2044 1505 2108 ob-

360 2150 473 2206 turant
493 2163 536 2205 ne
558 2140 792 2226 spiramentum
815 2139 966 2206 obbrrata
988 2142 1148 2205 emittant.
1184 2151 1258 2228 post
1280 2151 1403 2206 certum
1424 2153 1504 2207 tem-

361 2266 423 2329 pus
437 2243 623 2329 aperientes
645 2242 816 2307 inveniunt
831 2264 848 2305 e
863 2244 980 2306 massis
1002 2241 1164 2328 plumbeis
1180 2264 1354 2307 cerussam.
1392 2244 1505 2308 eadem
1525 2264 1556 2311 15

360 2345 488 2409 ratione
510 2342 656 2407 lamellas
678 2365 789 2407 aereas
813 2342 1017 2407 conlocantes
1040 2343 1187 2407 efficiunt
1212 2345 1400 2428 aeruginem
1422 2367 1505 2430 quae

327 2463 342 2510 α
359 2466 480 2510 aeruca
494 2443 687 2531 appellatur.
725 2466 856 2509 cerussa
871 2466 949 2509 vero
964 2465 1037 2508 cum
1052 2444 1087 2507 in
1107 2444 1238 2508 fornace
1254 2446 1412 2530 coquitur,
1434 2468 1503 2510 mu·
1542 2481 1545 2484 ·

359 2557 430 2613 tato
452 2545 561 2613 colore
582 2546 625 2610 ad
646 2527 756 2630 ignem
778 2545 930 2610 incendio
953 2545 1094 2609 efficitur
1109 2545 1295 2609 sandaraca.
1338 2545 1374 2609 id
1395 2555 1504 2609 autem

358 2647 514 2713 incendio
534 2647 623 2711 lacto
638 2668 681 2710 ex
695 2669 772 2712 casu
787 2646 973 2711 didicerunt
993 2646 1151 2728 homines,
1174 2643 1207 2711 et
1226 2668 1264 2709 ea
1277 2637 1379 2710 multo
1394 2646 1504 2711 melio·

359 2772 430 2816 rem
444 2772 541 2815 usum
555 2758 699 2836 praestat
715 2770 812 2836 quam
827 2769 910 2836 quae
925 2747 966 2810 de
980 2746 1121 2812 metallis
1135 2770 1195 2834 per
1216 2769 1251 2810 se
1272 2756 1349 2810 nata
1368 2747 1503 2812 foditur.
1521 2770 1554 2819 20

445 2851 609 2938 Incipiam
629 2873 716 2916 nunc
748 2850 789 2915 de
811 2859 898 2914 ostro
926 2848 1051 2930 dicere,
1080 2850 1167 2935 quod
1190 2858 1222 2913 et
1250 2850 1450 2914 carissimam
1471 2860 1503 2914 et
1554 2925 1556 2927 ¹

328 2969 340 3016 1
359 2952 671 3018 excellentissimam
692 2952 791 3017 habet
813 2960 942 3038 praeter
963 2950 1021 3015 hos
1044 2951 1165 3015 colores
1186 2960 1338 3037 aspectus
1360 2952 1501 3016 suavita·
1520 2971 1588 3021 xm

359 3065 437 3122 tenu
481 3052 517 3118 id
539 3063 649 3119 autem
671 3054 835 3140 excipitur
856 3051 1060 3139 econchylio
1075 3053 1218 3133 marino,
1242 3073 1338 3137 equo
1359 3074 1504 3138 purpura

359 3155 547 3237 conficitur,
581 3154 673 3219 cuius
699 3177 766 3219 non
793 3155 934 3217 minores
961 3161 1037 3216 sunt
1065 3173 1162 3237 quam
1190 3160 1369 3215 ceterarum
1395 3174 1502 3216 rerum

431 3397 495 3448 lut
511 3397 673 3446 inarescant
690 3393 786 3446 aridae
806 3395 853 3446 60:
881 3395 922 3444 uti
945 3406 1028 3444 nares
1051 3391 1215 3442 cantaridae
1237 3391 1319 3442 ΕΘΗ
1333 3390 1375 3456 (Ε,
1394 3393 1436 3442 uti
1453 3408 1502 3442 na-

358 3530 405 3568 res
423 3513 569 3580 candendo
587 3514 625 3576 clo,
644 3518 677 3564 nt
688 3475 919 3578 inarescandenlc
932 3511 962 3578 t).
979 3509 991 3578 Ι)
1006 3514 1022 3560 2
1040 3513 1130 3560 urcei:
1148 3512 1186 3560 sic
1197 3509 1283 3560 ΕΘΗ.
1303 3504 1316 3575 Ι)
1335 3510 1363 3559 in
1377 3511 1500 3562 fornace.

359 3599 444 3652 simul
463 3603 557 3650 autem
573 3600 636 3661 epo?
661 3598 805 3648 infernace
824 3598 861 3647 sit
879 3600 928 3647 aut
945 3596 995 3646 ΕΘ
1013 3593 1075 3659 (tc),
1097 3595 1242 3644 infomace
1261 3593 1335 3662 [—cp
1353 3592 1376 3659 c]
1400 3596 1455 3644 sita
1472 3599 1502 3644 ut

358 3685 389 3734 H
407 3682 462 3749 (ch,
477 3683 713 3756 inlornacesitaut
730 3684 745 3741 l,
764 3683 924 3733 infernaces
936 3682 984 3736 ,ita
1001 3685 1032 3729 ut
1049 3681 1093 3744 L).
1117 3675 1129 3745 ΙΙ
1151 3682 1168 3728 4
1186 3678 1341 3728 coaluerint
1357 3695 1416 3742 epo:
1441 3695 1501 3728 eum

360 3771 501 3837 abluerint
519 3781 550 3848 (a
566 3798 648 3848 supra
669 3798 720 3834 scr.
742 3799 784 3846 pr.
807 3782 850 3845 m.)
873 3782 911 3840 E,
935 3797 995 3831 cum
1018 3781 1176 3831 coemerint
1199 3779 1253 3828 GH
1272 3778 1328 3841 (Εἰ,
1353 3794 1412 3828 cum
1436 3793 1502 3842 quo·

359 3870 486 3921 aruerint
502 3866 555 3932 ch).
577 3862 591 3933 Ι)
613 3868 629 3917 s
646 3868 728 3918 rebus
747 3864 793 3930 (cs.
810 3883 837 3929 p,
857 3869 914 3925 177,
934 3869 951 3916 3
969 3864 1044 3929 etc.):
1062 3866 1100 3914 sic
1117 3863 1197 3912 ΕΘΗ
1212 3858 1286 3926 (sort.
1303 3861 1431 3924 viribus).
1451 3858 1462 3926 ΙΙ
1486 3864 1501 3911 6

359 3952 499 4010 coniectis
520 3951 607 4002 Rode:
636 3951 756 4001 confecti
774 3950 866 4000 ΕΘΗ.
889 3946 901 4015 ΙΙ
924 3947 1018 3999 8silic
1036 3949 1093 3998 Joc.
1112 3945 1201 4009 (rec.):
1227 3944 1292 3994 silix
1307 3945 1340 3993 Η
1359 3942 1441 4007 (Mc),
1463 3946 1501 3994 si·

358 4035 464 4103 lixlcis,
477 4042 538 4087 ante
555 4051 625 4088 cont
639 4035 670 4099 G,
687 4033 775 4085 silicis
792 4035 818 4083 E
836 4034 905 4100 (6⁶),
928 4030 940 4098 ΙΙ
963 4032 1028 4097 igne
1045 4031 1079 4083 Ε.
1101 4027 1114 4096 ΙΙ
1137 4032 1167 4080 11
1186 4028 1283 4079 rhodo:
1303 4030 1341 4077 aie
1357 4027 1439 4077 ΕΘΗ
1454 4026 1501 4090 (cf.

356 4139 385 4187 p.
404 4122 467 4180 182,
485 4119 523 4184 9).
543 4117 557 4186 Ι)
580 4121 611 4170 12
630 4119 703 4170 enim
720 4118 808 4168 doleis
834 4118 919 4168 EGH.
943 4113 956 4181 ll
978 4119 1117 4166 sarmenta
1135 4111 1313 4163 conlocantes
1411 4109 1502 4161 conlo·

359 4208 439 4256 cant:
466 4205 506 4255 sic
524 4203 611 4255 ΕΘΗ.
635 4201 648 4270 ΙΙ
670 4206 703 4255 13
720 4202 818 4252 deinde
837 4216 870 4250 ea
888 4198 1026 4264 operculis
1046 4196 1192 4263 (operculis
1210 4211 1245 4246 ea
1262 4195 1313 4256 E):
1330 4195 1368 4244 cic
1385 4194 1471 4246 ΕΘΗ.
1485 4190 1499 4260 ΙΙ

361 4291 392 4340 14
410 4289 546 4340 obturate
563 4289 693 4339 emittant
709 4288 765 4338 eda
783 4287 939 4337 obturatum
952 4283 1093 4332 emittatur
1110 4280 1195 4332 ΕΘΗ.
1218 4276 1230 4344 ΙΙ
1252 4282 1359 4343 tempus
1376 4293 1423 4328 om.
1442 4281 1473 4327 lc.
1486 4275 1498 4344 ΙΙ
1530 4349 1534 4354 Ι

359 4376 393 4426 16
409 4374 575 4440 aperientes
594 4373 615 4424 Θ
633 4371 693 4434 (non
711 4370 756 4435 Ε).
780 4368 792 4436 ΙΙ
814 4367 932 4434 plumbis
952 4367 974 4416 Θ
992 4364 1053 4430 (non
1070 4363 1115 4428 Ε).
1137 4360 1150 4428 ΙΙ
1173 4364 1205 4412 16
1224 4377 1337 4413 eaereaa
1354 4368 1414 4413 ante
1431 4378 1500 4415 corr.

360 4457 383 4509 Θ
400 4457 465 4522 (noa
483 4456 531 4523 Ε).
548 4454 609 4524 1118
626 4455 756 4506 incendio
768 4454 859 4504 Sala:
878 4449 989 4501 incendi
1006 4449 1038 4497 Η
1046 4447 1103 4512 (Ε),
1122 4446 1244 4497 incendii
1256 4447 1306 4496 ΕΘ
1323 4446 1377 4511 (lc).
1393 4441 1406 4512 Ι)
1422 4461 1500 4496 scan-

358 4542 467 4594 daraca
480 4541 504 4593 Θ
517 4540 579 4606 (noa
591 4539 637 4606 E).
661 4537 673 4606 ΙΙ
694 4541 727 4590 22
745 4538 808 4588 hos:
827 4553 857 4587 os
875 4536 912 4588 H.
935 4530 948 4600 ΙΙ
970 4536 1003 4584 23
1022 4531 1182 4595 econchylio
1200 4532 1232 4580 Η
1246 4530 1330 4595 (Ltc),
1349 4528 1500 4581 econclrilio

359 4627 389 4684 Θ,
401 4627 428 4678 a
441 4623 585 4681 conchilia
596 4620 663 4690 Bell
681 4625 715 4678 24
728 4621 869 4673 conficitur
886 4615 1125 4683 (efliciturMar.):
1143 4614 1265 4666 inficitur
1281 4615 1367 4666 ΕΘΗ.
1384 4611 1396 4681 ΙΙ
1412 4629 1501 4666 rerum

350 4711 419 4766 add.
436 4711 499 4764 Joc.
515 4707 589 4774 (post
605 4711 758 4761 ceterarum
775 4708 862 4757 colloc.
882 4701 975 4767 Man).
