3784 5625
420 656 480 719 132
905 670 1064 715 vrruuvu

417 831 525 908 potest
552 842 679 885 nocere.
729 843 793 884 non
822 822 929 884 minus
958 844 1028 883 eam
1061 822 1256 884 sententiam
1283 819 1433 905 augendo
1455 820 1560 885 Theo-

417 924 585 1010 phrastus,
614 921 773 986 hortando
801 921 912 987 doctos
941 924 1049 1008 potius
1078 944 1149 985 esse
1177 944 1273 1008 quam
1300 924 1458 1008 pecuniae
1486 944 1560 987 con-

417 1024 554 1087 fidentes
576 1026 623 1087 ita
644 1025 747 1110 ponit,
770 1023 901 1087 doctum
924 1046 966 1087 ex
989 1023 1140 1087 omnibus
1161 1022 1264 1088 solum
1279 1045 1383 1109 neque
1398 1024 1430 1086 in
1446 1021 1560 1087 alienis

417 1126 497 1190 locis
525 1126 733 1212 peregrinum
761 1118 866 1210 nelpue
899 1126 1029 1189 amissis
1064 1123 1281 1188 familiaribus
1298 1134 1342 1187 -et
1369 1125 1561 1188 necessariis

379 1241 400 1313 ¹5
418 1228 548 1314 inopem
569 1228 746 1290 amicorum
769 1226 827 1289 sed
849 1227 884 1288 in
906 1227 994 1290 omni
1016 1227 1150 1291 civitate
1168 1231 1243 1289 'esse
1266 1227 1372 1289 civem
1395 1224 1561 1303 difficiles-

329 1360 340 1367 -
418 1351 480 1415 que
502 1327 653 1392 fortunae
681 1328 751 1391 sine
778 1329 894 1391 timore
918 1349 1014 1413 posse
1035 1328 1203 1413 despicere
1225 1349 1335 1407 casus,
1363 1337 1397 1391 at
1420 1327 1476 1412 qui
1498 1349 1562 1390 non

418 1430 638 1494 doctrinarum
661 1429 719 1492 sed
741 1427 908 1492 felicitatis
923 1429 1096 1516 praesidiis
1111 1439 1240 1516 putaret
1256 1450 1291 1493 sc
1306 1450 1377 1493 esse
1392 1427 1559 1510 vallatum,

417 1530 536 1595 labidis
560 1529 731 1594 itineribus
754 1530 929 1593 vadentem
951 1553 1016 1594 non
1031 1531 1142 1594 stabili
1158 1530 1217 1593 sed
1236 1531 1365 1593 infirma
1380 1528 1560 1593 conflictari

418 1633 497 1695 vita.
543 1631 706 1717 Epicurus
729 1653 808 1695 vero
835 1653 901 1696 non
928 1630 1131 1695 dissimiliter
1158 1633 1205 1695 ait
1232 1654 1335 1718 pauca
1357 1631 1594 1718 sapientibus3

369 1750 399 1796 10
418 1735 582 1798 fortunam
609 1732 767 1814 tribuere,
798 1756 881 1819 quae
907 1724 1017 1796 autem
1044 1734 1189 1796 maxima
1216 1743 1248 1797 et
1269 1721 1453 1797 necessaria
1475 1742 1561 1813 sunt,
1590 1748 1593 1752 ’

364 1910 366 1914 ἢ
418 1836 519 1900 animi
552 1836 733 1919 mentisque
767 1834 1022 1918 cogitationibus
1054 1834 1240 1920 gubernari.
1284 1836 1365 1898 haec
1391 1836 1438 1917 ita
1465 1834 1562 1897 etiam

419 1936 527 2024 plures
549 1934 733 2023 philosophi
756 1935 921 2000 dixerunt.
966 1958 1030 1999 non
1059 1938 1164 2000 minus
1192 1946 1306 2023 poetae
1333 1937 1390 2023 qui
1410 1937 1561 2021 'antiquas

420 2037 605 2102 comoedias
627 2059 743 2121 graece
766 2039 976 2124 scripserunt,
1000 2037 1131 2101 easdem
1154 2039 1329 2101 sententias
1353 2037 1505 2101 versibus
1528 2038 1562 2100 in

365 2170 369 2174 ·
420 2162 537 2204 scaena
560 2140 863 2226 pronuntiaverunt,
887 2148 923 2202 ut
945 2139 1104 2202 Euorates
1121 2139 1298 2203 Chionides
1314 2138 1562 2225 Aristophanes,

370 2258 400 2304 15
419 2242 561 2304 maxime
585 2242 683 2303 etiam
707 2262 778 2303 cum
801 2241 852 2303 his
875 2239 1004 2323 Alexis,
1029 2242 1084 2325 qui
1106 2240 1324 2309 Athenienses
1346 2242 1393 2304 ait
1414 2250 1564 2327 oportere

419 2344 493 2406 ideo
516 2340 641 2405 laudari
665 2342 751 2427 quod
774 2344 916 2405 omnium
940 2341 1138 2406 Graecorum
1160 2340 1249 2427 leges
1272 2352 1391 2426 cogunt
1412 2351 1563 2429 parentes

402 2435 465 2507 ali
488 2466 507 2505 a
530 2442 658 2526 liberis,
688 2442 938 2507 Atheniensium
967 2467 1032 2509 non
1061 2465 1171 2507 omnes
1200 2445 1265 2507 nisi
1287 2466 1341 2507 cos
1365 2445 1421 2529 qui
1444 2442 1564 2507 liberos

421 2545 546 2610 artibus
564 2545 756 2608 erudissent.
795 2546 903 2608 omnia
926 2546 1014 2608 enim
1036 2567 1171 2607 munera
1192 2545 1341 2609 fortunae
1356 2568 1431 2608 cum
1446 2545 1566 2609 dantur

422 2647 464 2709 ab
487 2668 524 2709 ea
546 2646 688 2709 faciliter
709 2646 898 2711 adimuntur
906 2697 914 2728 ,
944 2645 1138 2733 disciplinae
1165 2670 1243 2712 vero
1272 2648 1463 2711 coniunctae
1491 2668 1564 2710 curn

369 2764 402 2810 20
420 2749 538 2810 animis
560 2744 648 2809 nullo
671 2755 816 2833 tempore
839 2747 1012 2830 deficiunt,
1042 2748 1099 2811 sed
1121 2757 1310 2836 permanent
1337 2747 1501 2815 stabiliter
1522 2748 1565 2811 ad

422 2871 581 2913 summum
616 2849 740 2911 exitum
771 2850 869 2912 vitae.
924 2850 1035 2935 itaque
1069 2872 1129 2935 ego
1161 2852 1320 2915 maximas
1355 2850 1596 2937 infinitasquer

421 2949 611 3036 parentibus
627 2971 688 3033 ago
703 2959 801 3035 atque
815 2950 920 3014 habeo
935 2952 1068 3035 gratias,
1092 2953 1179 3038 quod
1193 2953 1444 3016 Atheniensium
1459 2953 1564 3038 legem

422 3051 595 3138 probantes
623 3072 675 3113 me
702 3061 772 3114 arte
801 3050 1014 3116 erudiendum
1043 3064 1252 3136 curaverunt,
1282 3064 1314 3118 et
1337 3076 1374 3117 ea
1396 3077 1480 3140 quae
1500 3077 1565 3119 non

421 3163 623 3240 potestesse
643 3152 781 3238 probata
803 3153 873 3216 Sino
895 3151 1077 3218 litteratura
1105 3155 1316 3242 encyclioque
1343 3155 1565 3220 doctrinarum

371 3271 404 3317 ao
422 3256 564 3320 omnium
598 3253 781 3340 disciplina.
832 3277 905 3318 cum
933 3266 1065 3340 ergoet
1091 3258 1275 3343 parentium
1308 3279 1385 3322 eura
1414 3267 1446 3321 et
1473 3279 1563 3345 prae-

424 3368 589 3443 ceptorum
627 3356 783 3420 doctrinis
820 3366 932 3420 auctas
969 3359 1122 3422 haberem
1160 3360 1269 3446 copias
1307 3358 1563 3447 disciplinarum,

423 3456 598 3545 philologis
621 3466 652 3520 et
666 3457 882 3543 philotechnis
898 3459 994 3522 rebus
1012 3462 1379 3548 commentariorumque
1394 3463 1564 3549 seripturis
1617 3453 1623 3469 ’

423 3581 475 3620 me
498 3557 663 3622 delectans
687 3581 740 3623 eas
763 3561 984 3646 possessiones
1012 3562 1120 3626 animo
1143 3565 1272 3648 paravi,
1304 3585 1321 3624 e
1344 3562 1461 3648 quibus
1484 3563 1564 3626 haec

423 3748 651 3756 -—--—-—-——

492 3864 672 3915 ‘thortandoz
695 3869 732 3916 sic
751 3867 835 3916 EGIJ.
859 3863 871 3932 ΙΙ
894 3867 1065 3932 odispieere
1089 3877 1148 3919 crate
1170 3887 1239 3923 corr.
1259 3871 1280 3919 6
1299 3866 1360 3934 (non
1377 3871 1425 3936 Ε).
1447 3867 1461 3938 ΙΙ
1485 3873 1499 3922 7
1518 3887 1563 3936 pu-

425 3955 498 4000 taret
516 3965 545 3999 se
565 3965 626 3999 esse
646 3950 696 3999 GH
714 3948 759 4013 (t):
783 3955 863 4014 putat
881 3967 941 4000 esse
960 3967 989 4000 se
1008 3953 1033 4000 Ε
1052 3950 1174 4017 (putaret
1193 3969 1253 4002 esse
1272 3955 1314 4016 cle,
1339 3957 1432 4018 putari
1453 3971 1483 4006 se
1504 3972 1564 4006 esse

425 4002 469 4098 ἰ).
493 4031 505 4099 u
527 4036 543 4083 s
562 4034 665 4084 laurus
684 4036 712 4083 n
731 4033 814 4099 (cap
833 4035 934 4101 lapidis
949 4037 999 4086 aa
1011 4033 1149 4102 (ocsupra
1166 4037 1300 4097 risurus,
1318 4042 1366 4090 sea
1379 4048 1473 4104 postea
1489 4057 1564 4090 eraso

425 4117 470 4168 vel
488 4120 571 4182 prima
587 4134 674 4168 manas
691 4120 759 4168 linea
775 4120 897 4170 subducta
915 4120 1033 4184 deletur).
1054 4118 1067 4186 ΙΙ
1089 4122 1199 4172 stabilis
1219 4124 1245 4171 H
1264 4123 1319 4187 (Ic).
1342 4119 1354 4189 ΙΙ
1381 4127 1397 4174 9
1416 4125 1564 4188 Epicurius

424 4209 483 4252 (tate
501 4219 569 4253 corr.
588 4203 618 4255 G.
641 4199 653 4270 ll
679 4204 718 4252 ait
735 4203 805 4254 doe:
826 4209 874 4253 aut
886 4204 967 4253 EGH
983 4203 1024 4267 (lc,
1044 4206 1113 4255 hant
1131 4209 1181 4267 Ec,
1199 4208 1272 4256 haud
1291 4206 1336 4272 L).
1360 4204 1372 4274 ΙΙ
1395 4207 1562 4274 paucaE0.ll

426 4290 456 4337 11
477 4288 573 4339 etiam:
592 4290 630 4336 sic
653 4288 735 4337 EGH.
759 4285 771 4354 ll
796 4292 832 4365 13,
844 4289 981 4353 scripsere
999 4291 1024 4338 E
1043 4289 1104 4353 (non
1123 4291 1164 4354 G).
1188 4290 1199 4358 ll
1221 4292 1357 4342 inscema
1374 4293 1400 4342 E
1419 4291 1481 4357 (aon
1495 4290 1563 4361 (1111

369 4434 377 4451 ,
425 4374 457 4421 14
476 4377 602 4421 eucrates
619 4371 710 4421 EGH:
730 4371 828 4422 Crates
845 4374 971 4426 Bondum.
995 4371 1007 4440 ss
1031 4377 1063 4425 15
1081 4382 1206 4441 oportere
1225 4377 1300 4426 ideo:
1323 4380 1360 4427 sic
1382 4378 1469 4429 EGH.
1494 4375 1506 4443 ΙΙ
1534 4379 1563 4428 17

425 4455 463 4504 ali
482 4471 498 4504 a
516 4456 612 4506 liberis
631 4460 671 4506 ed.
691 4456 781 4522 (rec.):
801 4459 913 4508 aliberis
932 4460 1011 4509 EGH
1029 4460 1105 4523 (Llc).
1123 4457 1135 4526 ll
1153 4463 1184 4510 18
1202 4463 1329 4511 fortunae
1349 4461 1430 4526 (-ne
1451 4463 1480 4522 G,
1498 4478 1566 4527 -ne

426 4539 511 4601 EG⁶):
535 4544 572 4590 sic
590 4541 675 4590 EGII.
700 4539 711 4607 Η
740 4546 770 4592 19
793 4543 928 4592 faciliter:
957 4548 994 4593 sie
1017 4546 1103 4594 EGH.
1133 4543 1144 4612 ll
1170 4549 1203 4596 24
1224 4547 1382 4597 litteratura
1404 4549 1461 4599 ed:
1484 4563 1565 4596 —rac

427 4621 501 4689 (ηρ
523 4625 583 4685 EG)
609 4625 693 4674 ΕΘΗ.
721 4622 733 4691 ΙΙ
761 4628 793 4676 25
816 4629 968 4690 parentium
994 4629 1046 4678 GH
1063 4629 1132 4692 (Ll):
1159 4635 1305 4695 parentum
1327 4632 1389 4683 EG⁶
1412 4632 1475 4697 (ch).
1499 4627 1512 4700 ΙΙ
1534 4632 1566 4682 26

426 4705 529 4755 habere
551 4708 657 4769 G(—rc'÷
676 4707 721 4774 E)
744 4705 756 4774 l]
779 4713 810 4760 27
830 4711 1026 4776 philotechinis
1045 4714 1124 4764 ΕΘΗ
1142 4713 1221 4778 (Ide).
