3784 5625
377 607 419 701 72
865 644 1023 693 vrruuvn

374 828 470 869 usum
501 804 571 867 sine
598 796 857 887 inpeditionibus
881 805 912 860 et
936 798 1022 860 circa
1045 794 1159 859 cellam
1180 794 1358 860 ambulatio
1380 797 1519 861 auctori·

376 915 486 970 tatem.
541 904 636 966 huius
664 910 773 965 autem
804 901 853 963 rei
880 899 964 963 ratio
993 896 1210 984 explicabitur
1236 898 1294 961 sic.
1344 896 1435 963 frons
1457 896 1552 962 locii

379 1008 515 1093 quaein
536 1003 616 1068 aede
635 985 817 1066 ‘constituta
839 999 955 1082 fuerit,
980 1000 1008 1063 si
1030 998 1221 1085 tetrastylos
1237 997 1388 1063 facienda
1410 998 1519 1081 fuerit,

379 1106 548 1171 dividatur
581 1106 616 1167 in
648 1113 757 1190 partes
785 1118 856 1167 ris
891 1110 1020 1188 praeter
1048 1100 1232 1187 crepidines
1261 1110 1293 1164 et
1317 1100 1520 1187 proiecturas

345 1232 360 1281 5
379 1210 555 1295 spirarum,
579 1207 608 1269 si
630 1226 689 1268 sex
712 1204 773 1267 erit
796 1203 1032 1285 columnarum,
1061 1202 1096 1265 in
1117 1212 1226 1289 partes
1247 1219 1348 1266 xv111.
1378 1202 1407 1266 si
1435 1211 1521 1267 octa·

377 1308 480 1396 stylos
509 1307 739 1388 constituetur,
773 1303 941 1369 dividatur
968 1306 1003 1368 in
1035 1321 1122 1367 xxiv
1151 1314 1183 1367 et
1216 1304 1396 1368 semissem.
1444 1305 1522 1367 item

379 1434 421 1475 ex
447 1410 499 1475 his
526 1407 675 1496 partibus
705 1408 776 1469 sive
803 1406 969 1493 tetrastyli
996 1407 1067 1470 sive
1088 1404 1255 1491 hexastyli
1278 1408 1349 1470 sive
1371 1404 1523 1491 octastyli

378 1535 444 1575 una
471 1532 546 1598 pars
576 1517 722 1573 sumatur
750 1529 851 1593 eaque
882 1508 943 1571 erit
964 1506 1125 1571 modulus.
1170 1506 1260 1571 cuius
1283 1504 1406 1570 mo‘duli
1427 1507 1523 1571 unius

327 1636 329 1641 ·
381 1615 443 1676 erit
465 1609 647 1676 crassitudo
671 1607 899 1673 columnarum.
950 1607 1199 1673 intercolumnia
1222 1606 1365 1692 singula,
1395 1617 1524 1694 praeter

324 1713 505 1794 Χ1011111111,
533 1710 738 1776 modulorum
765 1710 902 1775 duorum
930 1720 962 1774 et
990 1708 1114 1774 moduli
1140 1719 1274 1795 quartae
1301 1712 1415 1795 partis.
1458 1732 1523 1773 me·

382 1816 480 1888 diana
495 1816 530 1877 in
551 1812 658 1877 fronte
681 1821 713 1875 et
733 1812 859 1898 postico
882 1810 1010 1897 singula
1031 1821 1160 1876 ternum
1181 1810 1395 1875 modulorum.
1439 1812 1525 1899 ipsa-

382 1939 455 1980 rum
478 1914 698 1978 columnarum
720 1912 859 1977 altitudo
886 1912 1091 1978 modulorum
1117 1930 1196 1976 V1111
1224 1923 1257 1977 et
1279 1913 1437 1977 dimidiae
1458 1935 1524 1977 mo-

383 2016 452 2082 duli
474 2017 588 2103 partis.
633 2016 679 2078 ita
694 2036 735 2078 ex
758 2037 795 2078 ea
817 2013 981 2079 divisione
1003 2014 1251 2079 intercolumnia
1272 2011 1526 2101 altitudinesque

384 2116 606 2182 columnarum
624 2114 791 2179 habebunt
813 2117 931 2180 iustam
949 2116 1119 2180 rationem.
1161 2115 1257 2180 huius
1273 2114 1441 2202 exemplar
1462 2117 1525 2180 Ro·
1543 2132 1560 2181 8

335 2255 367 2302 15
384 2242 456 2283 mae
467 2218 592 2284 nullum
606 2217 771 2299 habemus,
789 2217 847 2281 sed
862 2218 896 2280 in
907 2217 989 2280 Asia
1000 2217 1067 2282 Teo
1079 2217 1275 2306 hexastylon
1282 2218 1397 2283 Liberi
1407 2219 1526 2284 Patris.

468 2321 534 2384 Eas
549 2330 657 2384 autem
673 2320 878 2406 symmetrias
901 2320 1070 2383 constituit
1084 2319 1327 2404 Hermogenes,
1352 2320 1408 2405 qui
1430 2322 1526 2383 etiam

384 2424 507 2512 primus
536 2422 719 2509 octastylon
745 2420 991 2509 pseudodipteri
1023 2422 1152 2486 invenit
1179 2422 1348 2485 rationem.
1403 2444 1446 2485 ex
1479 2421 1527 2485 di-

385 2527 470 2611 pteri
503 2527 592 2603 enim,
621 2523 711 2587 aedis
740 2526 930 2610 symmetria
958 2522 1087 2587 distulit
1113 2524 1283 2587 interiores
1316 2523 1447 2587 ordines
1477 2546 1527 2588 co·

385 2626 567 2690 lamnarum
599 2642 739 2689 xxxviii
770 2647 871 2712 eaque
899 2626 1024 2689 ratione
1057 2633 1203 2711 sumptus
1237 2646 1416 2712 operasque
1445 2646 1527 2690 com-

335 2763 369 2810 20
386 2725 500 2815 pendii
527 2726 614 2789 fecit.
664 2727 692 2788 is
719 2727 753 2788 in
782 2726 888 2790 medio
915 2725 1129 2791 ambulationi
1155 2724 1377 2789 laxamentum
1399 2727 1530 2811 egregie

388 2829 475 2890 cirea
491 2826 605 2889 cellam
628 2827 715 2909 fecit,
739 2828 781 2890 de
803 2837 1000 2914 aspectuque
1021 2828 1279 2916 nihil-inminuit
1301 2827 1360 2891 sed
1381 2829 1453 2892 sine
1476 2828 1529 2892 de-

388 2929 508 2993 siderio
531 2950 804 3014 supervacuorum
826 2931 1033 2993 conservavit
1053 2931 1280 2994 auctoritatem
1301 2929 1401 2993 totius
1425 2930 1530 3015 operis

390 3030 630 3094 distributione.
680 3039 876 3117 pteromatos
900 3031 986 3093 enim
1007 3030 1089 3095 ratio
1112 3042 1144 3095 et
1166 3030 1388 3096 columnarum
1411 3031 1532 3094 circum

389 3133 502 3195 aedem
537 3130 709 3219 dispositio
750 3131 824 3195 ideo
867 3140 915 3196 est
956 3134 1092 3196 inventa
1132 3142 1169 3197 ut
1208 3142 1358 3220 aspectus
1400 3143 1569 3220 proptera

457 3343 473 3389 3
491 3339 652 3389 si-fnerit
670 3339 700 3387 H
717 3336 800 3402 (Ηώς
821 3354 866 3388 om.
888 3337 986 3402 G(sed
1001 3341 1028 3389 iu
1045 3355 1125 3404 marp.
1143 3343 1228 3404 suppl.
1249 3337 1302 3403 Hc).
1324 3334 1336 3405 ll
1357 3339 1532 3404 tetrastylos:

391 3423 556 3485 &trastylos
574 3424 604 3472 H
621 3424 699 3486 (Lei,
718 3437 732 3472 r
753 3422 892 3488 trastilos‚
913 3424 1050 3487 etrasylos
1070 3424 1124 3484 G0).
1148 3419 1160 3488 ΙΙ
1182 3426 1199 3474 4
1215 3423 1344 3474 undecim
1362 3425 1446 3475 semis
1463 3425 1532 3474 doc:

391 3508 507 3557 decusas
526 3508 608 3556 semis
627 3509 684 3558 GH.
708 3503 721 3572 ΙΙ
742 3511 916 3572 protecturus
938 3515 998 3557 ante
1019 3523 1074 3560 ras.
1098 3509 1133 3557 H.
1156 3504 1169 3573 ΙΙ
1192 3509 1208 3557 5
1231 3509 1272 3557 in:
1301 3507 1374 3559 inter
1396 3516 1456 3558 anie
1479 3523 1533 3558 ras.

391 3593 427 3641 H.
445 3587 456 3656 ΙΙ
472 3591 568 3641 decem
587 3597 614 3641 et
632 3597 693 3642 octo
711 3591 780 3640 doc:
801 3590 896 3641 decem
916 3588 1015 3653 (-cim
1027 3593 1129 3653 Hesio)
1146 3607 1245 3644 novem
1265 3594 1315 3643 GH
1334 3591 1380 3655 (eae
1391 3592 1475 3643 VIIII
1484 3607 1534 3656 pro

391 3676 479 3738 VIH).
503 3670 515 3740 ll
538 3677 554 3724 6
575 3675 676 3740 viginti
698 3679 829 3737 quattuor
850 3676 920 3726 dou:
951 3677 1028 3726 XXV
1047 3676 1081 3738 G,
1104 3675 1204 3742 viginti
1226 3678 1345 3742 quinque
1366 3678 1396 3726 H
1418 3673 1498 3742 (Lic).
1519 3672 1532 3739 ll

392 3759 580 3810 terassitudo
597 3760 666 3808 doc:
684 3758 790 3808 -dinis
810 3759 868 3808 GH.
891 3756 903 3825 ΙΙ
931 3762 964 3809 10
982 3761 1072 3811 media
1090 3761 1154 3810 Lor.
1179 3758 1533 3827 (mediauadoc.):medii1

394 3845 424 3903 G,
443 3843 560 3893 mediam
578 3844 606 3892 H
625 3843 713 3907 (-d15
724 3844 792 3906 Llc).
816 3840 828 3910 ΙΙ
852 3846 882 3893 ll
901 3845 1023 3909 ipsarum
1034 3872 1067 3880 —
1079 3845 1248 3896 modulorum
1266 3848 1294 3896 H
1313 3843 1396 3910 (Ηώς
1416 3862 1462 3897 om.
1476 3847 1505 3896 G.
1519 3843 1532 3907 ll

394 3929 425 3977 m
439 3930 502 3977 octo
521 3923 631 3991 (novem
647 3928 711 3978 Lor.
724 3928 757 3990 cf.
774 3945 800 3991 p.
815 3927 912 3992 73,17)
931 3933 960 3978 et
977 3928 1090 3994 dimidie
1109 3956 1141 3966 -
1160 3927 1215 3995 (14)
1235 3931 1422 3980 columnarum
1443 3930 1464 3979 G
1482 3926 1534 3992 (ed.

393 4010 459 4076 Ft.):
479 4028 525 4063 orn.
544 4014 574 4061 H
592 4013 657 4074 (Ltc,
675 4012 733 4061 item
745 4014 785 4062 ed.
797 4013 860 4076 pit).
884 4007 896 4078 H
920 4015 952 4062 15
964 4012 1027 4063 theo
1043 4014 1102 4067 GH.
1126 4009 1138 4080 ΙΙ
1159 4015 1294 4064 exastilon
1308 4015 1365 4065 GH.
1389 4010 1402 4080 {l
1425 4017 1457 4065 16
1474 4014 1535 4064 her·

393 4111 523 4161 magenes
540 4096 569 4145 H
582 4096 622 4159 (lc,
643 4097 718 4146 -nis
736 4093 781 4160 L),
799 4111 891 4144 -naes
906 4100 935 4149 G.
956 4092 969 4162 ΙΙ
993 4100 1023 4147 17
1041 4097 1149 4148 invenit
1164 4097 1239 4161 (sort.
1252 4115 1265 4148 e
1278 4101 1384 4149 lectione
1402 4099 1537 4162 archetypi

393 4196 473 4245 supra
490 4187 614 4245 corrupta
631 4182 724 4230 -iue
742 4181 877 4230 rationem
889 4180 1000 4244 scripta)
1016 4188 1076 4246 post
1088 4183 1191 4246 primus
1202 4185 1264 4237 add.
1279 4184 1308 4243 G,
1327 4199 1373 4234 om.
1384 4183 1415 4232 H
1427 4182 1505 4248 (Llc).
1518 4179 1533 4246 ΙΙ

395 4263 551 4327 octastylon
562 4267 632 4314 doc:
653 4264 807 4328 exostylum
819 4265 849 4312 II
860 4262 932 4328 (ioci,
949 4265 1036 4314 -lom
1048 4273 1107 4316 ante
1124 4283 1193 4317 corr.
1206 4271 1222 4326 l,
1241 4269 1396 4332 exastylum
1409 4267 1454 4333 L),
1473 4283 1536 4318 exa·

395 4346 462 4396 stilir
482 4349 512 4399 G.
533 4345 545 4414 ss
565 4348 770 4414 pseudodipteri
788 4349 896 4399 invenit
913 4348 1049 4399 rationem
1067 4366 1126 4416 epo:
1149 4351 1253 4416 pseudo
1277 4349 1537 4416 dipteriueratiolne

394 4439 454 4482 anie
466 4448 535 4482 corr.
551 4433 579 4492 G,
593 4433 695 4498 spendo
709 4432 767 4496 (sic)
780 4433 882 4498 dipteri
894 4435 1066 4484 notationem
1081 4435 1086 4496 Ι
1101 4437 1131 4484 H
1142 4434 1257 4500 (pseudo
1275 4436 1414 4502 dipteriue
1434 4436 1537 4486 ratione

395 4517 427 4574 L,
446 4515 687 4581 pseudodipteriue
705 4517 810 4568 ratione
823 4518 865 4579 Hc,
884 4518 989 4582 pseudo
1001 4519 1104 4584 dipteri
1115 4521 1256 4571 ueratione
1273 4523 1289 4581 1,
1309 4519 1536 4585 pseudodypteri-

396 4600 538 4649 ueratione
560 4616 574 4649 c
597 4597 829 4665 [-ueralti0nem
847 4608 906 4652 ante
929 4619 997 4654 corr.
1015 4604 1044 4661 Ιι,
1068 4601 1291 4668 -uelrationem
1307 4603 1356 4670 HJ.
1379 4601 1391 4671 ΙΙ
1415 4607 1447 4656 18
1464 4619 1537 4668 sym-

396 4683 567 4734 matrinea:
588 4684 693 4735 -triae
713 4685 770 4735 GH.
792 4681 806 4751 ΙΙ
829 4685 938 4737 distulit
955 4687 985 4738 H
1002 4685 1084 4751 (Llc):
1104 4687 1218 4740 sustulit
1237 4689 1266 4739 θ.
