3784 5625
381 656 444 719 194
870 670 1026 717 vmauvn

379 847 451 888 rum
473 825 682 888 curationem.
727 823 920 886 bituminosi
946 832 1056 886 autom
1084 823 1248 886 interioris
1276 823 1421 910 corporis
1444 823 1526 886 vitia

379 925 566 1011 potionibus
588 923 758 1012 purgando
782 922 887 987 solent
908 924 1043 987 mederi.
1093 933 1144 987 est
1170 933 1280 987 autem
1301 946 1405 1009 aquae
1433 924 1559 1009 frigi-5

379 1026 441 1089 dae
467 1048 569 1111 genus
596 1028 772 1107 nitrosum,
801 1026 851 1090 uti
878 1026 1003 1089 Pinnae
1025 1025 1193 1108 Vestinae,
1217 1025 1364 1109 Cutiliis,
1388 1025 1525 1113 aliisque

379 1129 459 1193 locis
476 1127 655 1210 similibuS,
679 1149 762 1214 quae
777 1127 967 1214 potionibus
983 1126 1144 1213 depurgat
1159 1148 1216 1215 per
1230 1126 1406 1215 alvumque
1421 1137 1524 1191 trans-

346 1229 488 1294 beundo
512 1231 610 1293 etiam
637 1227 836 1294 strumarum
863 1230 982 1292 minuit
1010 1238 1163 1293 tumores.
1212 1228 1270 1294 ubi
1304 1251 1383 1293 vero
1411 1251 1524 1293 aurum

379 1340 550 1416 argentum
578 1331 699 1395 fenum
721 1353 776 1395 aes
804 1329 973 1418 plumbum
995 1329 1204 1417 reliquaeque
1227 1353 1278 1394 res
1301 1353 1413 1394 earum
1436 1332 1525 1395 sirni-

378 1432 426 1496 les
441 1432 627 1513 fodiuntur,
650 1432 757 1497 fontes
772 1433 987 1497 inveniuntur
1002 1434 1142 1518 copiosi,
1166 1432 1225 1496 sed
1242 1431 1276 1495 hi
1290 1434 1436 1495 maxime
1452 1441 1527 1496 sunt

380 1521 501 1598 vitiosiss
536 1534 657 1598 habent
680 1536 776 1617 enim,
800 1536 849 1599 uti
870 1556 974 1621 aquac
996 1533 1122 1597 calidae
1137 1532 1272 1619 sulphur
1286 1532 1418 1597 alumen
1439 1532 1524 1597 bitu·

379 1657 464 1698 men.
515 1657 553 1698 ea
574 1634 616 1697 dc
637 1658 721 1721 aqua
748 1658 805 1723 per
835 1637 982 1723 potiones
1012 1657 1086 1699 cum
1113 1636 1148 1698 in
1171 1656 1286 1721 corpus
1315 1635 1392 1699 iniit
1415 1643 1448 1698 et
1470 1656 1526 1721 per

332 1751 362 1797 10
380 1758 481 1800 venas
497 1736 717 1822 permanando
732 1760 850 1801 nervos
866 1739 1001 1822 attingit
1017 1747 1048 1801 et
1062 1746 1172 1821 artus,
1188 1758 1242 1800 eos
1258 1735 1356 1801 durat
1371 1734 1524 1801 inflando.

380 1839 483 1922 igitur
504 1839 599 1902 nervi
627 1836 793 1903 inflatione
821 1850 990 1924 turgentes
1013 1861 1031 1903 e
1058 1837 1265 1923 longitudine
1292 1838 1526 1903 contrahuntur

381 1949 413 2002 et
440 1941 487 2003 ita
513 1950 569 2003 aut
596 1941 746 2005 nervicos
775 1951 830 2004 aut
857 1941 1052 2027 podagricos
1081 1940 1227 2004 efficiunt
1252 1940 1419 2023 homiues,
1453 1939 1524 2002 ideo

381 2040 467 2127 quod
490 2026 736 2105 exdurissimis
759 2051 791 2104 et
813 2042 1023 2129 spissioribus
1045 2041 1336 2127 frigidissimisque
1356 2041 1456 2106 rebus
1478 2042 1524 2103 in-

379 2143 498 2206 tinctas
526 2142 648 2207 habent
671 2164 828 2206 venarum
855 2146 1016 2208 raritates.
1060 2165 1163 2230 aquae
1185 2153 1294 2207 autem
1316 2144 1443 2230 species
1467 2151 1553 2223 est,6

331 2259 363 2306 15
381 2266 463 2330 quae
485 2266 559 2308 cum
581 2244 701 2308 habeat
722 2268 787 2310 non
809 2248 890 2309 satis
912 2245 1109 2333 perlucidas,
1133 2268 1176 2309 ex
1196 2247 1270 2332 ipsa
1284 2246 1333 2309 uti
1353 2244 1415 2310 flos
1437 2252 1525 2307 natat

380 2347 415 2409 in
437 2369 577 2428 summo,
602 2345 708 2411 colore
730 2346 846 2410 similis
870 2348 949 2410 vitri
972 2350 1138 2435 purpurei.
1182 2347 1263 2411 haec
1284 2340 1429 2410 maxime
1452 2368 1523 2411 con-

381 2448 543 2513 sideratur
563 2448 714 2512 Athenis.
764 2448 812 2512 ibi
841 2450 928 2512 enim
956 2470 998 2511 ex
1026 2448 1185 2513 eiusmodi
1212 2447 1292 2512 locis
1321 2457 1353 2512 et
1381 2448 1523 2513 fontibus

380 2552 415 2613 in
430 2560 503 2636 asty
519 2559 551 2612 et
572 2550 615 2612 ad
636 2559 765 2636 portum
788 2551 958 2613 Piraeeum
974 2551 1064 2614 ducti
1084 2560 1159 2614 sunt
1181 2549 1350 2631 salientes,
1374 2550 1524 2637 equibus

380 2651 467 2716 bibit
488 2674 583 2716 nemo
605 2662 738 2738 propter
760 2674 831 2714 eam
854 2673 986 2715 causam
1008 2650 1066 2715 sed
1094 2651 1314 2717 lavationibus
1337 2661 1370 2715 ct
1391 2650 1524 2738 reliquis

331 2766 364 2814 20
381 2752 479 2817 rebus
501 2761 653 2835 utuntur,
682 2752 801 2818 b'ibunt
827 2763 936 2818 autem
960 2776 1001 2817 ex
1028 2754 1135 2842 puteis
1159 2763 1192 2818 et
1218 2755 1265 2819 ita
1287 2755 1396 2818 vitant
1417 2774 1524 2819 eorum

381 2856 474 2918 vitia.
525 2855 686 2918 Troezeni
713 2878 779 2919 non
806 2865 913 2942 potest
945 2855 981 2918 id
1008 2857 1125 2937 vitari,
1159 2855 1246 2943 quod
1264 2856 1410 2920 ‘omnino
1436 2854 1525 2920 aliud

381 2978 482 3040 genus
505 2978 608 3042 aquae
630 2978 696 3019 non
717 2959 879 3042 reporitm·
899 2958 965 3020 nisi
988 2957 1075 3044 quod
1098 2957 1229 3022 Cibdeli
1250 2956 1389 3040 habent,
1416 2959 1524 3043 itaque

380 3059 416 3121 in
448 3080 486 3122 ea
515 3054 650 3122 civitate
677 3068 734 3122 aut
762 3080 872 3122 omnes
901 3069 958 3122 aut
991 3059 1135 3122 maxima
1161 3069 1254 3146 parte
1282 3068 1358 3123 sunt
1387 3058 1522 3145 pedibus

382 3160 503 3225 vitiosi.
548 3158 664 3224 Cilicia
686 3183 764 3225 vero
781 3162 897 3224 civitas
919 3160 1054 3242 Tarsos,
1078 3160 1199 3224 flumen
1221 3170 1269 3224 est
1290 3162 1422 3227 nomine
1438 3160 1522 3246 Cyd-

330 3277 364 3324 25
381 3283 455 3343 nos,
479 3263 514 3325 in
536 3283 599 3347 quo
621 3262 792 3348 podagrici
814 3285 908 3326 curra
930 3271 1130 3326 macerantes
1152 3261 1304 3326 levantur
1326 3261 1449 3328 dolore.

449 3455 465 3500 3
483 3452 570 3514 pinae
584 3451 617 3500 Ε.
642 3447 654 3515 ll
676 3452 693 3499 4
710 3451 847 3501 similibus
858 3488 863 3499 .
874 3434 980 3516 quo'li,
998 3450 1134 3501 similibus
1149 3451 1153 3514 Ι
1170 3466 1223 3517 qne
1243 3454 1276 3504 6:
1295 3452 1486 3517 similibusque
1499 3453 1525 3501 H

383 3532 454 3598 (—q;
472 3533 525 3599 LI).
550 3531 562 3600 {l
585 3534 754 3584 transeundo
776 3544 835 3585 ante
852 3552 921 3586 corr.
943 3535 965 3584 G
987 3533 1024 3599 (et
1043 3535 1077 3596 Ε,
1102 3536 1144 3584 ubi
1165 3551 1181 3585 o
1203 3538 1230 3585 in
1251 3535 1326 3600 raa).
1349 3532 1361 3601 ΙΙ
1389 3540 1404 3587 7
1427 3537 1457 3586 hi
1478 3537 1524 3586 EG

382 3618 501 3691 (tc):,hii
518 3619 550 3666 H
566 3617 657 3681 (G0L).
681 3614 693 3683 ΙΙ
715 3618 731 3667 8
750 3619 853 3669 habent
870 3620 943 3670 enim
962 3620 1031 3670 vitia
1050 3636 1139 3685 aquae
1158 3621 1267 3672 calidae
1285 3620 1400 3687 sulphur
1417 3623 1524 3672 alumen

382 3703 505 3752 bitumen
517 3743 523 3756 .
534 3703 703 3768 eaedemque
718 3719 768 3769 per
787 3741 832 3757 ...
851 3707 889 3754 sic
906 3705 994 3769 EGH,
1013 3708 1064 3755 nisi
1080 3703 1166 3771 quodi
1181 3707 1223 3755 Ea
1241 3705 1361 3769 denique
1379 3714 1439 3757 ante
1456 3723 1522 3758 corr.

384 3786 417 3849 H,
442 3787 495 3837 hae
519 3789 637 3853 denique
659 3789 697 3846 E,
720 3788 887 3854 eaedemque
910 3790 939 3838 H
960 3788 1054 3853 (G0Ll‚
1079 3790 1230 3854 eademque
1252 3790 1304 3856 cb).
1340 3808 1392 3842 non
1414 3794 1524 3857 expedio

382 3868 452 3935 (unt
473 3887 506 3922 ea
525 3871 559 3923 dc
578 3872 668 3938 aquai
691 3874 759 3939 eqo).
782 3870 796 3941 ll
821 3877 836 3924 9
860 3873 924 3922 iniit
943 3874 997 3924 GH
1016 3882 1042 3924 et
1063 3882 1123 3925 aute
1145 3891 1198 3929 ras.
1221 3875 1258 3938 Ε,
1282 3876 1335 3924 init
1356 3876 1396 3924 Eo
1418 3876 1524 3940 (ineunt

381 3955 460 4020 ὼε).
483 3951 495 4022 ΙΙ
521 3959 552 4006 10
571 3959 752 4023 attingit...
771 3957 853 4007 durat
870 3957 963 4019 (duros
981 3959 1015 4022 L)
1036 3959 1121 4010 EGH.
1144 3956 1156 4025 ll
1181 3962 1210 4008 11
1230 3964 1374 4025 turgentes
1392 3960 1523 4026 clangitu-

382 4040 445 4090 dine
463 4039 526 4092 EG:
546 4044 675 4106 turgente
694 4059 723 4093 se
742 4043 915 4108 longitudine
929 4045 958 4092 H
976 4040 1056 4107 (oct,
1069 4048 1198 4108 turgente
1216 4043 1265 4094 sed
1283 4043 1356 4109 long.
1376 4049 1392 4104 I,
1411 4051 1522 4112 turgen-

381 4123 516 4190 teselong.
529 4141 551 4183 e,
564 4130 708 4190 turgentes
721 4127 811 4191 elong.
825 4127 848 4182 Ιι,
862 4131 938 4176 -tes
948 4164 955 4176 .
966 4127 1056 4192 elcng.
1069 4128 1118 4193 bc).
1134 4124 1146 4193 ΙΙ
1163 4131 1194 4177 12
1207 4129 1346 4179 nervicos:
1364 4132 1402 4179 sic
1412 4130 1496 4180 EGH.
1508 4129 1520 4191 ll

383 4211 414 4259 13
427 4209 603 4272 spissioribus
616 4212 669 4259 ed:
690 4210 871 4275 spissionibus
883 4211 970 4261 EGH.
986 4208 998 4278 ss
1015 4213 1046 4261 15
1059 4211 1215 4277 perlucidas
1229 4212 1327 4274 (venas
1339 4215 1401 4267 add.
1414 4214 1477 4276 ert),
1490 4228 1523 4263 ex

381 4297 443 4357 ipsa
455 4295 496 4341 uti
505 4308 565 4358 epo:
578 4293 768 4358 perlucidas&
780 4295 841 4361 ipsa
853 4295 894 4344 uti
903 4295 989 4348 HGH.
1001 4292 1013 4362 ΙΙ
1027 4297 1057 4345 16
1070 4296 1141 4346 haec
1150 4297 1228 4348 EGH
1238 4294 1296 4360 (Le,
1308 4298 1361 4363 bec
1372 4299 1397 4357 Ιι,
1410 4298 1465 4348 hae
1474 4294 1521 4361 till

382 4377 571 4428 consideratur
585 4378 631 4428 Hc:
644 4379 854 4430 considerantur
862 4380 943 4431 EGH
953 4378 1005 4443 (LI,
1017 4385 1148 4432 -reutur
1159 4380 1210 4446 cb).
1222 4379 1234 4448 Η
1251 4384 1282 4432 17
1293 4383 1450 4433 huiusmodi
1461 4382 1494 4432 Ε.
1509 4377 1521 4447 ΙΙ

384 4464 414 4511 18
432 4464 527 4526 inasty
546 4463 604 4521 GH,
622 4463 707 4513 inasti
725 4465 759 4514 Ε.
780 4461 792 4530 ΙΙ
815 4465 938 4529 piraeum
958 4466 1012 4516 GH
1027 4463 1074 4529 (L,
1093 4467 1200 4532 pireum
1220 4469 1264 4523 6⁶.
1288 4483 1402 4533 pyreum
1419 4469 1458 4527 eh,
1476 4483 1523 4532 py-

381 4560 457 4594 reum
480 4546 512 4610 l),
536 4562 649 4611 pureum
666 4547 701 4598 Ε.
726 4545 738 4614 [l
761 4552 793 4599 21
817 4550 953 4601 troezenis
979 4553 1017 4600 sic
1039 4550 1126 4602 ΕΘΗ.
1151 4547 1164 4617 ΙΙ
1191 4553 1223 4602 22
1243 4551 1345 4602 cibdeli
1368 4552 1424 4601 ΕΗ
1443 4550 1520 4616 (hle),

382 4626 513 4694 cibildeli
532 4631 561 4682 G.
586 4627 598 4696 ss
618 4631 724 4682 habent
746 4633 783 4683 L:
806 4634 927 4684 habeant
948 4634 1029 4685 EGH
1051 4633 1106 4698 (ic).
1130 4632 1142 4701 ΙΙ
1165 4639 1198 4686 23
1225 4636 1344 4685 maxima
1367 4641 1461 4701 parte:
1486 4637 1522 4685 sic
1554 4648 1561 4669 ⁸

382 4712 467 4764 EGH.
490 4709 502 4777 ll
526 4715 559 4762 24
577 4713 672 4765 cilicia
698 4732 763 4766 vero
791 4718 892 4767 civitas
916 4714 1053 4783 (-ta·lH)
1076 4719 1171 4770 tharso
1193 4719 1291 4783 (thirso
1313 4718 1364 4784 El:
1391 4722 1430 4770 sic
1447 4718 1524 4770 ΕΕΗ
