3784 5625
382 662 425 725 64
873 674 1031 722 vrruuvn

383 830 527 895 sollertia
549 830 684 910 defecit,
717 829 775 892 sed
802 837 859 892 aut
887 828 933 891 rei
961 826 1132 891 familiaris
1162 819 1329 911 exiguitas
1352 835 1410 889 aut
1436 825 1528 890 inbe-

384 931 500 996 cillitas
534 931 683 995 fortunae
716 952 774 994 seu
807 932 842 993 in
871 929 1050 993 ambitione
1077 928 1265 991 certationis
1294 928 1529 992 contrariorum

384 1035 548 1119 superatio
564 1032 694 1096 obstitit
709 1053 819 1095 eorum
836 1031 1001 1115 dignitati.
1039 1052 1098 1093 nec
1109 1029 1223 1093 tamen
1238 1038 1288 1093 est
1301 1029 1530 1094 admirandum
1547 1045 1562 1091 3

349 1132 353 1144 '
384 1136 412 1197 si
432 1143 564 1221 propter
585 1135 771 1218 ignotitiam
792 1134 871 1197 artis
895 1133 1034 1196 virtutes
1057 1132 1283 1213 obscurantur,
1306 1130 1364 1194 sed
1386 1133 1530 1196 maxime

349 1246 365 1295 5
383 1235 638 1319 indignandum,
668 1258 741 1299 cum
764 1236 861 1298 etiam
885 1255 983 1319 saepe
1005 1232 1212 1298 eblandiatur
1232 1234 1340 1317 gratia
1362 1234 1528 1299 convivio·

381 1360 453 1401 rum
480 1359 499 1400 a
531 1339 618 1401 veris
647 1336 778 1400 iudiciis
805 1334 922 1398 falsam
949 1335 1184 1421 probationem.
1230 1355 1307 1418 ergo
1328 1336 1378 1399 uti
1401 1318 1530 1400 Socrati

381 1438 504 1524 placuit
541 1440 571 1502 si
603 1440 649 1502 ita
682 1460 795 1501 sensus
824 1446 856 1502 et
884 1439 1065 1501 sententiae
1095 1437 1314 1521 scientiaeque
1343 1435 1527 1522 disciplinis

381 1548 496 1602 auctae
523 1542 716 1626 perspicuae
744 1549 776 1604 et
804 1538 991 1626 perlucidae
1017 1533 1175 1622 fuissent,
1203 1561 1268 1603 non
1295 1540 1402 1622 gratia
1423 1559 1528 1624 neque

381 1640 516 1706 ambitio
540 1640 682 1723 valeret,
713 1640 770 1704 sed
793 1642 821 1704 si
844 1641 899 1726 qui
922 1641 1010 1705 veris
1033 1640 1194 1726 certisque
1215 1639 1385 1705 laboribus
1406 1640 1526 1704 doctriss

267 1747 274 1760 ⁸
332 1754 364 1802 10
382 1764 495 1807 narum
522 1744 747 1829 pervenissent
773 1742 816 1805 ad
844 1743 1016 1806 scientiam
1044 1764 1216 1825 summam,
1246 1742 1292 1804 eis
1320 1740 1406 1807 ultro
1429 1758 1528 1827 opera

382 1844 596 1912 traderentur.
653 1846 805 1931 quoniam
836 1853 943 1908 autem
977 1866 1015 1907 ea
1047 1867 1112 1908 non
1141 1852 1217 1908 sunt
1244 1842 1395 1907 inlustria
1421 1864 1527 1928 neque

382 1947 574 2033 apparentia
606 1948 641 2010 in
667 1956 818 2033 aspectu,
852 1956 889 2010 ut
915 1956 1066 2032 putamus
1095 1946 1292 2031 oportuisse,
1320 1954 1353 2009 et
1380 1943 1525 2009 animad-
1616 2027 1618 2032 Ι

384 2057 475 2112 verto
497 2050 604 2134 potius
626 2050 775 2113 indoctos
799 2069 895 2133 quam
917 2047 1030 2113 doctos
1052 2048 1159 2131 gratia
1180 2068 1343 2133 superare,
1367 2070 1434 2112 non
1456 2069 1526 2112 esse

383 2150 573 2213 certandum
588 2147 737 2215 iudicans
761 2171 834 2213 cum
855 2150 996 2214 indoctis
1018 2148 1204 2231 ambitione,
1229 2150 1336 2235 potius
1358 2148 1410 2211 his
1434 2170 1523 2236 prae·

334 2260 365 2309 15
384 2252 485 2336 ceptis
509 2253 606 2316 editis
630 2251 799 2316 ostendam
820 2261 952 2317 nostrae
974 2252 1128 2315 scientiae
1151 2252 1317 2314 virtutem.

468 2353 599 2439 Itaque,
628 2356 820 2440 imperator,
849 2354 884 2416 in
912 2356 1017 2440 primo
1040 2352 1208 2418 volumine
1234 2352 1297 2416 tibi
1325 2351 1367 2415 de
1395 2361 1466 2416 arte
1496 2363 1526 2416 et

383 2478 462 2541 quas
489 2455 608 2521 habeat
637 2479 674 2519 ea
701 2456 840 2520 virtutes
869 2455 1052 2541 quibusque
1081 2453 1263 2541 disciplinis
1286 2463 1434 2540 oporteat
1456 2476 1526 2519 csse

381 2566 510 2621 auctum
526 2558 739 2622 architectum
756 2558 904 2641 exposui,
928 2567 960 2621 et
975 2556 1100 2620 subieci
1115 2578 1228 2620 causas
1245 2555 1325 2641 quid
1346 2557 1393 2620 ita
1416 2579 1524 2620 earum

383 2667 530 2743 oporteat
557 2680 630 2721 eum
660 2679 732 2722 esse
753 2660 894 2744 peritum
900 2707 909 2740 ,
939 2659 1145 2743 rationesque
1167 2679 1310 2722 summae
1331 2658 1524 2723 architectu-

332 2770 365 2818 20
382 2781 437 2822 rae
474 2761 647 2847 partitione
680 2758 834 2823 distribui
867 2759 1135 2846 finitionibusque
1166 2760 1351 2825 terminavi.
1406 2759 1524 2824 deinde

383 2859 470 2945 quod
493 2870 562 2923 erat
583 2861 722 2946 primum
745 2869 777 2924 et
798 2862 1033 2943 necessarium,
1062 2861 1104 2925 de
1126 2861 1295 2925 moenibus
1318 2862 1522 2947 quemadmo-

383 2962 462 3025 dum
477 2960 640 3046 eligantur
661 2960 725 3025 loci
748 2960 894 3026 salubres
916 2963 1219 3027 ratiocinationibus
1242 2962 1397 3051 explicui,
1420 2964 1522 3028 venti·

383 3083 446 3148 que
478 3064 534 3149 qui
566 3065 632 3128 sint
659 3072 691 3126 et
719 3084 736 3124 e
764 3063 882 3148 quibus
919 3064 1040 3148 singuli
1073 3067 1200 3151 spirent
1233 3064 1522 3129 deformationibus

381 3165 568 3248 grammicis
597 3163 742 3246 ostendi,
774 3162 1019 3252 platearumque
1048 3175 1080 3229 et
1103 3167 1257 3248 ¹vicorum
1284 3168 1333 3231 uti
1356 3165 1523 3230 emendate

331 3277 364 3326 25
381 3266 461 3330 fiant
475 3266 722 3331 distributiones
738 3267 773 3328 in
786 3266 956 3332 moenibus
980 3267 1077 3332 docui
1098 3277 1129 3331 et
1151 3269 1198 3331 ita
1218 3267 1399 3332 finitionem
1421 3270 1522 3355 primo

382 3368 541 3432 volumini
563 3368 728 3432 constitui.
773 3370 852 3431 item
866 3370 901 3431 in
916 3371 1057 3435 secundo
1081 3369 1122 3433 de
1142 3371 1280 3432 materia
1302 3392 1381 3454 quas
1404 3370 1521 3435 habeat

382 3473 417 3533 in
445 3468 597 3555 operibus
624 3469 782 3532 utilitates
811 3478 843 3533 et
872 3470 990 3555 quibus
1018 3469 1196 3535 virtutibus
1226 3492 1244 3532 e
1271 3480 1388 3534 natura
1416 3494 1522 3536 rerum

382 3571 426 3634 sit
459 3579 645 3661 comparata
675 3572 796 3656 peregi.
854 3594 941 3635 nunc
973 3573 1008 3635 in
1039 3574 1137 3636 tertio
1169 3573 1211 3635 de
1238 3573 1373 3637 deorum
1404 3574 1521 3637 inmor-

381 3671 496 3735 talium
524 3671 659 3736 aedibus
683 3673 783 3737 sacris
806 3672 913 3737 dicam
937 3684 969 3739 et
990 3676 1039 3738 uti
1061 3684 1209 3760 oporteat
1230 3675 1430 3761 perscriptas
1453 3696 1523 3739 esse

330 3786 364 3833 so
381 3796 510 3861 ponam.

451 4054 464 4101 1
485 4051 563 4101 aurci
585 4057 645 4101 ante
668 4067 736 4104 corr.
763 4052 784 4102 G
808 4052 874 4115 (aut
891 4051 932 4102 rei
950 4050 1031 4115 EGC).
1055 4048 1068 4118 11
1090 4055 1107 4102 2
1126 4053 1294 4103 certationes
1313 4052 1346 4104 E.
1373 4047 1388 4118 ll
1409 4053 1426 4102 3
1444 4067 1522 4117 supe·

381 4138 454 4186 ratio
471 4137 540 4187 doc:
560 4137 683 4201 superati
701 4137 787 4186 EGH.
810 4133 822 4200 ΙΙ
844 4139 861 4186 4
879 4136 1037 4187 innotitiam
1056 4137 1088 4185 E.
1110 4133 1123 4202 ΙΙ
1143 4136 1347 4187 5eblsndiatur
1365 4153 1425 4202 epo:
1444 4137 1521 4188 blan-

383 4220 493 4270 diantur
511 4228 570 4270 ante
588 4236 657 4274 corr.
673 4222 702 4280 G,
717 4220 842 4270 —diatur
854 4220 922 4280 Ede,
941 4216 1085 4271 blandiatq
1105 4223 1134 4271 H
1146 4218 1179 4286 (c,
1193 4226 1271 4270 -tur
1283 4224 1299 4282 l,
1311 4221 1453 4273 blanditur
1465 4229 1522 4272 ante

383 4321 451 4357 corr.
470 4304 515 4368 L).
539 4300 551 4370 Η
573 4307 589 4354 6
608 4305 708 4355 falsam
725 4320 784 4370 epo:
810 4303 945 4354 adsalsam
957 4305 1044 4357 EGH.
1071 4300 1084 4369 ΙΙ
1111 4304 1310 4369 9doctrilnam
1328 4315 1387 4357 ante
1405 4323 1474 4360 corr.
1493 4307 1521 4356 θ.

383 4389 524 4455 (—narum
542 4388 623 4452 Edc).
647 4386 659 4454 ll
682 4391 713 4439 21
733 4389 912 4439 demoenibus
929 4389 1009 4438 ΕΘΗ
1026 4388 1073 4453 (lc,
1097 4389 1275 4441 doemonibus
1293 4392 1357 4455 Lr).
1382 4388 1394 4457 ΙΙ
1418 4393 1450 4440 22
1469 4389 1523 4440 loci

385 4472 430 4538 (L)
449 4477 504 4525 ed:
523 4473 592 4522 locis
611 4474 690 4523 EGH
707 4472 762 4536 (lc).
784 4469 796 4539 ll
819 4477 852 4525 23
870 4475 977 4540 spirent
994 4477 1048 4525 ed:
1068 4475 1175 4538 spirant
1192 4475 1278 4527 EGH.
1301 4471 1313 4540 [Ι
1339 4477 1374 4524 24
1396 4475 1522 4541 grammi-

384 4561 425 4607 cis
442 4561 509 4612 Joc.:
529 4557 718 4624 grammaticis
735 4557 820 4608 EGH.
844 4555 856 4624 ll
879 4560 912 4609 26
929 4559 1061 4609 volumini
1079 4558 1169 4613 Soka:
1189 4550 1326 4609 volumine
1344 4559 1432 4608 EGH.
1456 4556 1469 4625 ΙΙ
1490 4560 1522 4608 28

384 4642 422 4690 sit
440 4641 528 4692 Sota:
549 4645 591 4692 est
607 4641 694 4693 ΕΘΗ.
718 4638 729 4709 ll
753 4643 908 4692 mortalium
926 4660 940 4693 c
958 4652 983 4694 et
998 4652 1058 4694 ante
1070 4660 1139 4694 corr.
1156 4644 1173 4692 Ιι
1191 4639 1230 4706 (ut
1246 4660 1327 4709 supra
1336 4660 1364 4708 p.
1378 4646 1419 4702 62,
1439 4641 1492 4707 12).
1509 4639 1520 4706 ll

384 4727 417 4776 29
436 4741 497 4776 esse
516 4741 616 4791 ponam
633 4741 693 4790 epo:
714 4741 847 4791 exponam
866 4727 945 4776 EGH
964 4726 1036 4792 (esse
1054 4730 1114 4779 add.
1132 4731 1173 4780 ed.
1191 4726 1252 4794 Fe).
