3784 5625
712 698 757 743 un
781 698 1047 746 Ancurrucruar
1073 702 1141 746 nra.
1166 704 1199 747 x.
1460 691 1524 753 245

380 875 519 939 namque
542 852 839 915 animadvertamus
861 854 1003 940 primum
1026 863 1058 917 et
1085 856 1280 940 aspiciamus
1304 858 1522 923 continentem

380 954 458 1020 solis
488 953 583 1017 lunae
613 954 754 1039 quinquo
784 953 881 1017 etiam
912 953 1079 1018 stellarum
1101 966 1264 1037 naturam,
1295 980 1377 1042 quae
1399 960 1433 1021 ni
1457 983 1520 1022 ma-

379 1057 510 1129 chinata
532 1065 741 1119 versarentur
748 1106 757 1139 ,
787 1078 852 1120 non
880 1055 1107 1120 habuissemus
1139 1057 1304 1122 interdum
1331 1058 1436 1123 lucem
1462 1084 1522 1124 nec

379 1159 543 1222 fluctuum
565 1159 779 1221 maturitates.
829 1180 901 1220 cum
925 1180 1001 1241 ergo
1025 1159 1162 1222 maiores
1191 1159 1270 1222 haec
1293 1162 1338 1224 ita
1360 1184 1431 1225 esse
1453 1162 1520 1225 ani-

379 1260 647 1354 madvertissent,
682 1281 699 1321 e
726 1281 834 1322 rerum
862 1269 979 1323 natura
1005 1271 1212 1346 sumpserunt
1245 1262 1395 1349 exempla
1422 1274 1454 1326 et
1484 1281 1556 1328 ca5

379 1363 543 1426 imitantes
572 1360 697 1431 inducti
725 1360 821 1425 rebus
850 1361 973 1424 divinis
998 1362 1181 1427 commodas
1204 1364 1292 1426 vitae
1315 1364 1521 1451 perfecerunt

379 1462 625 1550 explicationes,
670 1463 779 1549 itaque
802 1473 1088 1548 comparaverunt,
1117 1472 1152 1527 ut
1176 1474 1284 1528 essent
1307 1465 1520 1552 expeditiora,

378 1564 442 1628 alia
464 1564 623 1628 machinis
647 1572 678 1626 et
708 1584 817 1625 earum
840 1564 1097 1645 versationibuS,
1126 1564 1281 1630 nonnulla
1309 1568 1456 1652 organis,
1489 1577 1521 1631 et

378 1667 424 1729 ita
447 1686 530 1751 quae
545 1664 845 1731 animadverterunt
867 1665 908 1729 ad
931 1690 1026 1731 usum
1040 1666 1133 1730 utilia
1150 1688 1220 1730 esse
1238 1667 1372 1750 studiis,
1395 1669 1520 1733 artibus

338 1768 553 1849 5institutis,
588 1766 750 1851 gradatim
784 1769 934 1852 augenda
969 1768 1126 1832 doctrinis
1156 1779 1362 1834 curaverunt.
1409 1778 1519 1835 -atteir-
1543 1787 1572 1834 ro

378 1870 492 1933 damus
521 1870 606 1931 enim
634 1870 775 1956 primum
803 1871 971 1934 inventum
1002 1868 1043 1959 de
1064 1871 1275 1953 necessitate,
1303 1880 1339 1936 ut
1369 1873 1519 1956 vestitm,

378 1969 650 2059 quemadmodum
673 1969 810 2034 telarum
833 1972 994 2055 organicis
1017 1971 1356 2037 administrationibus
1379 1995 1521 2051 conexus

377 2063 525 2137 staminis
553 2072 595 2135 ad
629 2072 798 2137 subtemen
827 2096 891 2139 non
922 2072 1018 2137 modo
1052 2095 1186 2159 corpora
1218 2074 1359 2157 tegendo
1376 2085 1522 2139 ,tueatur

377 2174 436 2238 sed
459 2175 556 2237 etiam
578 2184 709 2238 ornatus
732 2175 852 2239 adiciat
875 2175 1087 2239 honestatem.
1126 2174 1191 2237 cibi
1208 2197 1286 2239 vero
1302 2199 1366 2240 non
1388 2175 1517 2239 habuis-

376 2298 484 2339 semus
508 2275 759 2358 abundantiam,
787 2278 852 2339 nisi
880 2278 958 2361 iuga
981 2284 1012 2339 et
1034 2283 1143 2337 aratra
1169 2276 1276 2340 bubus
1300 2277 1519 2362 iumentisque
1539 2294 1569 2341 15

354 2377 523 2445 'omnibus
547 2388 656 2441 essent
684 2378 828 2441 inventa.
869 2375 1119 2461 sucularumque
1148 2386 1179 2441 et
1207 2375 1371 2463 prelorum
1403 2388 1434 2441 et
1461 2400 1517 2441 ve-

375 2480 476 2543 ctium
499 2479 527 2541 si
549 2501 614 2543 non
636 2478 753 2542 fuisset
775 2470 946 2542 torcularis
969 2479 1190 2577 praeparatio,
1220 2500 1326 2565 neque
1348 2477 1411 2543 olei
1433 2480 1516 2543 nito-

374 2604 444 2644 rem
466 2602 572 2667 neque
596 2581 711 2645 vitium
734 2580 875 2644 fructum
904 2580 1024 2644 habere
1052 2581 1269 2666 potuissemus
1297 2581 1351 2643 ad·
1368 2581 1516 2645 iucundi-

373 2692 492 2765 tatem,
527 2682 792 2769 portationesque
826 2704 936 2746 eorum
969 2705 1034 2745 non
1069 2692 1177 2747 essent
1215 2683 1280 2745 nisi
1321 2681 1517 2769 plostrorum

313 2833 320 2844 .
374 2807 433 2849 seu
450 2806 649 2848 serracorum
672 2806 730 2871 per
752 2793 882 2867 terram,
906 2784 1130 2848 navicularum
1152 2807 1210 2873 per
1225 2806 1342 2871 aquam
1364 2786 1516 2849 inventae
1535 2801 1567 2850 20

331 2915 351 2960 6
375 2896 486 2951 essent
508 2886 775 2950 machinationes.
825 2887 1021 2950 trutinarum
1044 2909 1121 2952 vero
1151 2885 1372 2974 librarumque
1394 2887 1516 2973 ponde-

373 2989 465 3053 ribus
482 2989 678 3052 examinatio
692 2997 821 3074 reperta
836 2987 982 3052 vindicat
1003 2989 1045 3052 ab
1068 2988 1241 3073 iniquitate
1261 2989 1356 3053 iustis
1372 2989 1516 3054 moribus

375 3092 488 3154 vitam.
533 3113 598 3154 non
621 3091 889 3177 minusquesunt
912 3088 1143 3154 innumerabili
1166 3088 1425 3155 moderationes
1448 3113 1513 3153 ma-

373 3193 612 3275 chinationum,
637 3191 678 3255 de
701 3191 818 3278 quibus
841 3214 906 3256 non
928 3214 1060 3256 necesse
1076 3190 1206 3255 videtur
1222 3190 1404 3279 disputare,
1429 3192 1514 3276 quod

372 3304 450 3358 sunt
477 3293 519 3356 ad
547 3317 676 3357 manum
700 3294 897 3376 cotidianae,
925 3303 962 3357 ut
990 3302 1065 3357 sunt
1086 3292 1191 3358 molae
1219 3292 1313 3358 folles
1345 3293 1514 3357 fabrorum
1532 3309 1565 3356 25

371 3394 472 3458 redae
501 3397 580 3459 cisia
609 3397 694 3460 torni
723 3405 894 3482 ceteraque
922 3417 1005 3482 quae
1032 3417 1218 3460 communes
1245 3395 1288 3459 ad
1315 3418 1411 3459 usum
1439 3417 1512 3460 con-

371 3496 599 3560 suetudinibus
622 3496 744 3560 habent
765 3498 1034 3583 opportunitates

443 3740 454 3781 1
475 3735 547 3782 anim
562 3734 736 3785 advertamus
748 3735 785 3786 L:
806 3737 878 3785 enim
897 3734 955 3800 (eni
970 3737 1012 3800 H)
1028 3737 1203 3788 advertamus
1219 3739 1270 3787 GH
1286 3735 1317 3799 (l,
1337 3737 1408 3786 enim
1428 3737 1513 3785 anim-

368 3820 547 3871 advertamus
565 3817 615 3883 et).
641 3815 653 3883 Η
680 3821 700 3872 2,
718 3822 823 3887 natura¹
836 3821 995 3870 machinata
1014 3822 1067 3871 GH
1082 3820 1165 3884 (quae
1184 3823 1213 3870 ni
1231 3823 1292 3870 add.
1311 3820 1372 3883 ert).
1399 3817 1449 3885 [13
1472 3822 1512 3869 in·

370 3904 465 3954 terdu:
485 3904 522 3951 sio
537 3903 594 3952 GH.
611 3899 623 3968 Η
639 3904 655 3951 4
673 3903 763 3966 fructu
777 3905 948 3955 maturitatis
962 3905 1014 3955 GH
1031 3904 1109 3968 (corr.
1121 3902 1198 3967 doc).
1223 3900 1234 3969 ll
1257 3906 1273 3954 8
1293 3908 1320 3952 et
1339 3904 1408 3967 itaq3
1427 3904 1513 3952 anim-

370 3989 619 4040 adverterunt
644 4002 713 4036 esse:
747 3990 784 4037 sic
812 3989 870 4039 GH.
899 3985 910 4053 ΙΙ
939 3992 970 4039 13
998 3992 1142 4053 suptemen
1171 3988 1203 4044 G,
1239 3987 1382 4036 subtemen
1408 3988 1440 4035 H
1468 3985 1512 4048 (h,

323 4096 329 4101 ·
369 4073 534 4137 subtegmen
552 4071 593 4136 lc).
619 4067 632 4137 ss
654 4075 764 4120 tueatur
777 4072 870 4122 Selia:
886 4076 1016 4123 tueantur
1029 4072 1087 4122 GH.
1104 4068 1116 4136 Η
1140 4073 1171 4120 15
1190 4071 1278 4119 bubus
1297 4071 1347 4120 GH
1366 4070 1407 4135 (L,
1426 4070 1513 4120 bobus

368 4164 415 4215 tce,
435 4157 513 4207 bolus
532 4157 714 4220 celerarat).
731 4152 743 4222 ll
761 4159 792 4206 16
811 4157 920 4223 pralorir
939 4164 998 4206 unte
1016 4172 1085 4215 corr.
1105 4152 1151 4219 (ae)
1172 4153 1200 4212 G,
1219 4162 1246 4203 ut
1263 4170 1344 4218 supra
1359 4171 1386 4217 p.
1399 4157 1460 4212 244,
1479 4158 1512 4202 17

370 4241 461 4308 (ploni
479 4241 533 4307 H).
558 4239 569 4308 ll
593 4244 623 4292 19
642 4241 799 4306 plaustrorir
819 4242 852 4298 G,
871 4242 1010 4305 plostrorir
1029 4241 1057 4288 H
1080 4237 1161 4304 (Δὶς).
1186 4235 1197 4303 ΙΙ
1221 4240 1456 4290 roserracorum:
1474 4241 1512 4288 sic

371 4329 430 4378 GH.
459 4324 470 4393 [1
498 4330 529 4376 22
554 4326 720 4376 exanimatio
747 4325 775 4375 G.
805 4323 816 4391 ll
843 4325 966 4374 uindicat
988 4325 1024 4373 H.
1052 4320 1064 4389 {l
1091 4326 1123 4373 23
1146 4339 1200 4373 non
1226 4321 1454 4389 minusquae(quq
1479 4324 1510 4386 G)

371 4412 430 4462 GH.
458 4409 469 4477 ll
496 4410 690 4461 innumerabili
717 4409 795 4460 modo
826 4410 950 4459 rationes
978 4409 1005 4456 Η
1030 4406 1111 4471 (Lle):
1144 4406 1360 4457 innumerabiles
1388 4407 1499 4458 modera

369 4497 460 4545 tiones
480 4497 508 4546 G.
535 4494 547 4562 ll
575 4499 607 4546 24
632 4495 702 4560 quod
725 4499 789 4544 sunt
812 4495 881 4544 Mar.
905 4492 1047 4557 (quoniam
1074 4496 1137 4542 sunt
1158 4491 1243 4556 Joc.):
1273 4492 1345 4556 quod
1371 4507 1425 4542 non
1447 4496 1512 4541 sunt
1561 4494 1563 4497 ’

370 4579 454 4643 (quod
473 4582 490 4628 fi
508 4586 571 4630 suut
591 4584 619 4637 G,
643 4579 716 4644 qdr‘r
732 4576 745 4629 ἒ
769 4578 809 4641 Η)
835 4579 892 4628 GH.
922 4574 933 4644 ΙΙ
961 4579 993 4627 25
1016 4577 1105 4627 molae
1127 4592 1173 4640 epo
1197 4574 1286 4639 (rotae
1308 4576 1391 4639 Joc.):
1420 4582 1508 4627 motae

368 4664 445 4727 (-te
471 4664 501 4727 G)
532 4666 589 4717 GH.
616 4663 628 4731 Η
655 4667 687 4715 27
712 4663 913 4729 oportunitates
938 4663 971 4714 G:
997 4660 1223 4727 opportunitatib3
1252 4662 1279 4710 H
1301 4661 1348 4725 (L,
1372 4662 1509 4727 oportuni·

368 4749 451 4812 tatib3
468 4748 512 4812 le),
1114 4778 1116 4784 ·
