3784 5625
375 664 439 727 200
866 674 1023 721 vrruuvu

461 832 544 895 Item
567 840 643 894 suut
665 828 839 893 nonnullae
853 827 967 891 acidae
983 848 1086 890 venae
1108 825 1259 908 fontium,
1282 828 1332 891 uti
1355 827 1519 914 Lyncesto

377 943 409 996 et
431 933 466 998 in
488 930 585 996 Italia
600 929 734 1012 Velino,
759 930 939 1015 Campania
961 929 1072 1011 Teano
1093 926 1231 1014 aliisque
1254 927 1335 994 locis
1359 927 1519 1017 pluribus,

377 1056 460 1122 quae
479 1033 564 1097 hanc
585 1031 707 1097 habent
729 1033 886 1095 virtutem
901 1032 949 1094 uti
965 1029 1105 1094 calculos
1120 1030 1156 1092 in
1170 1030 1290 1094 vesicis
1305 1031 1364 1118 qui
1384 1053 1520 1095 nascun-

377 1148 431 1203 tur
451 1137 486 1200 in
501 1134 691 1220 corporibus
716 1133 883 1198 hominum
897 1132 1086 1219 potionibus
1101 1130 1291 1196 discutiant.
1327 1132 1401 1197 fieri
1414 1142 1522 1197 autem
1539 1154 1565 1203 11

344 1239 439 1303 51100
461 1233 653 1301 naturaliter
674 1235 748 1299 ideo
771 1234 903 1298 videtur
929 1232 1016 1321 quod
1038 1254 1114 1296 acer
1135 1240 1168 1295 et
1188 1231 1303 1297 acidus
1325 1255 1424 1297 sucus
1448 1234 1520 1299 sub·

379 1349 429 1405 est
458 1340 492 1403 in
520 1360 559 1401 ea
586 1347 689 1419 terra,
718 1359 776 1423 per
804 1359 901 1422 quam
929 1335 1135 1421 egredientes
1163 1356 1267 1397 venae
1293 1336 1522 1421 intinguuntur

378 1439 571 1520 acritudine,
595 1447 627 1502 et
648 1439 695 1501 ita
718 1460 791 1501 cum
813 1439 847 1501 in
870 1459 985 1524 corpus
1008 1438 1167 1517 inierunt,
1190 1434 1354 1523 dissipant
1376 1459 1460 1523 quae
1482 1459 1523 1501 ex

378 1563 535 1629 aquarum
563 1538 769 1603 subsidentia
797 1540 832 1602 in
857 1538 1047 1626 corporibus
1073 1539 1358 1602 exconcreseentia
1382 1538 1523 1603 offende-

380 1652 465 1709 runt.
510 1662 610 1727 quare
630 1649 738 1704 autem
761 1640 979 1704 discutiantur
1001 1662 1044 1703 ex
1070 1638 1172 1703 acidis
1202 1661 1259 1703 eae
1281 1662 1352 1721 res,
1381 1641 1431 1703 sic
1451 1664 1523 1728 pos·

331 1759 362 1806 10
380 1766 489 1809 sumus
505 1741 774 1806 animadvertere.
818 1764 915 1806 ovum
937 1743 973 1805 in
987 1749 1079 1806 aceto
1095 1742 1123 1805 si
1145 1740 1267 1831 diutius
1290 1742 1435 1827 positum
1458 1742 1524 1806 fue-

380 1848 434 1929 rit,
458 1854 571 1908 cortex
587 1844 655 1907 eius
671 1841 837 1906 mollescet
852 1853 884 1907 et
901 1842 1111 1908 dissolvetur.
1148 1844 1226 1906 item
1242 1841 1423 1930 plumbum,
1440 1845 1524 1930 quod

381 1957 431 2012 est
452 1946 668 2009 lentissimum
684 1955 716 2009 et
737 1946 982 2029 gravissimum,
1007 1945 1035 2008 si
1057 1945 1092 2008 in
1107 1966 1185 2007 vase
1201 1942 1405 2010 conlocatum
1428 1946 1524 2011 fuerit

382 2058 414 2113 et
436 2050 470 2113 in
493 2070 529 2112 eo
551 2046 678 2111 acetum
701 2046 875 2127 suffusum,
898 2046 933 2110 id
956 2056 1065 2109 autem
1080 2054 1227 2133 opertum
1244 2054 1276 2110 et
1298 2045 1438 2113 oblitum
1453 2049 1523 2132 erit,

382 2150 542 2215 efficietur
568 2149 618 2214 uti
644 2147 813 2235 plumbum
841 2145 1042 2212 dissolvatur
1070 2156 1103 2210 et
1130 2146 1187 2210 fiat
1215 2168 1356 2213 cerussa.
1402 2149 1524 2214 eisdem
1542 2171 1565 2218 19

332 2265 363 2313 15
382 2250 563 2317 rationibus
585 2272 650 2333 aes,
674 2250 762 2335 quod
785 2250 884 2313 etiam
906 2247 1060 2313 solidiore
1083 2258 1133 2312 est
1153 2258 1281 2332 natura,
1305 2250 1457 2315 similiter
1472 2274 1523 2315 cu·

381 2363 486 2418 ratum
508 2351 667 2434 siluerit,
691 2350 907 2437 dissipabitur
929 2359 961 2413 et
982 2350 1039 2413 fiet
1060 2370 1192 2435 aerugo.
1236 2351 1315 2414 item
1337 2356 1523 2438 margarita,

381 2478 446 2519 non
460 2456 568 2519 minus
585 2475 664 2518 saxa
680 2452 803 2535 silicea,
827 2473 909 2538 quae
923 2473 1030 2538 neque
1051 2451 1174 2515 ferrum
1188 2474 1294 2539 neque
1309 2454 1397 2538 ignis
1420 2465 1525 2543 potest

381 2579 440 2644 per
455 2578 489 2619 se
504 2554 696 2636 dissolvere,
721 2577 794 2618 cum
809 2554 851 2617 ab
873 2554 943 2638 igni
960 2563 1035 2618 sunt
1057 2552 1283 2641 percalefacta,
1306 2565 1400 2620 aceto
1415 2577 1524 2643 sparso

383 2656 551 2722 dissiliunt
573 2665 604 2719 et
627 2654 861 2720 dissolvuntur.
906 2675 984 2738 ergo
1007 2677 1081 2718 cum
1102 2655 1160 2718 has
1182 2676 1234 2719 res
1256 2665 1332 2719 ante
1355 2656 1466 2721 oculos
1481 2658 1524 2721 its

331 2773 365 2822 20
382 2759 454 2822 fieri
475 2756 657 2840 videamus,
679 2758 910 2821 ratiocinemur
931 2755 1037 2821 isdem
1058 2756 1239 2822 rationibus
1262 2779 1305 2821 ex
1325 2757 1432 2823 acidis
1455 2781 1522 2846 pro-

383 2870 455 2946 pter
476 2859 693 2921 acritudinem
716 2861 785 2922 suci
809 2860 907 2922 etiam
930 2857 1106 2924 calculosos
1130 2881 1148 2921 e
1170 2869 1286 2924 natura
1306 2881 1417 2924 rerum
1438 2860 1522 2924 simi-

383 2960 461 3024 liter
481 2981 579 3046 posse
601 2960 717 3022 curari.
1445 3044 1451 3053 ι

469 3061 552 3126 Sunt
573 3069 682 3125 autem
705 3062 802 3125 etiam
823 3062 931 3126 fontes
954 3064 1002 3126 uti
1024 3063 1102 3126 vino
1124 3063 1232 3146 mixti,
1255 3063 1521 3149 quemadmodum
1535 3084 1560 3131 11

247 3208 250 3215 -
281 3188 283 3193 ·
385 3173 434 3227 est
454 3184 538 3228 unus
561 3161 819 3250 Paphlagoniae,
843 3185 886 3226 ex
906 3185 971 3250 quo
994 3185 1065 3227 eam
1086 3185 1204 3250 aquam
1227 3165 1298 3227 sine
1312 3166 1392 3231 vino
1414 3175 1521 3253 potan-

333 3279 366 3327 25
383 3275 433 3328 tes
456 3265 537 3330 fiunt
558 3263 739 3329 temulenti.
784 3264 974 3352 Aequiculis
989 3274 1099 3330 autem
1120 3266 1155 3328 in
1170 3263 1267 3329 Italia
1282 3274 1314 3329 et
1336 3269 1372 3331 in
1388 3266 1521 3355 Alpibus

384 3367 515 3430 natione
551 3365 769 3430 Medullorum
806 3376 855 3430 est
896 3386 1000 3451 genus
1036 3388 1140 3453 aquae
1181 3389 1278 3453 quam
1314 3369 1372 3454 qui
1412 3369 1522 3434 bibunt

385 3465 572 3530 efficiuntur
605 3466 745 3551 turgidis
777 3467 976 3552 gutturibus.
1035 3466 1180 3533 Arcadia
1216 3490 1294 3533 vero
1328 3471 1448 3535 civitas
1479 3478 1523 3534 est
1536 3481 1558 3528 11

385 3588 450 3630 non
477 3568 590 3650 ignota
618 3566 764 3652 Clitorii,
792 3571 828 3632 in
856 3570 946 3633 euius
974 3571 1063 3654 agris
1095 3579 1145 3634 est
1178 3570 1332 3657 spelunca
1364 3573 1522 3658 profluens

454 3875 578 3926 2veliuo
598 3876 718 3926 Budaeus
741 3876 786 3938 (ex
805 3878 870 3929 Ptin.
891 3881 933 3937 31,
953 3878 992 3939 9lz
1024 3877 1124 3928 vienna
1142 3877 1229 3930 EGH.
1251 3874 1263 3944 ll
1287 3878 1391 3930 theano
1411 3881 1494 3936 EGH.
1511 3877 1521 3942 ll

386 3964 401 4011 3
420 3959 491 4010 hanc
502 3959 619 4010 habent:
637 3962 675 4010 sic
687 3960 773 4014 ΕΘΗ,
797 3957 810 4028 ll
832 3961 874 4010 uti
890 3962 922 4010 H
938 3959 1022 4027 (Llo):
1042 3965 1073 4011 ut
1084 3960 1142 4011 EG.
1164 3957 1176 4029 ΙΙ
1199 3963 1215 4011 6
1232 3959 1408 4029 intinguntur
1419 3965 1502 4015 EGH.
1512 3961 1521 4026 Ι1

386 4048 400 4096 7
419 4044 542 4095 inierunt
559 4045 640 4095 EGH
661 4041 716 4107 (Li,
735 4045 849 4095 inierint
867 4045 957 4108 Ecce).
981 4042 993 4113 ΙΙ
1016 4046 1032 4095 8
1051 4048 1296 4098 exconcrescentia
1314 4063 1374 4114 epo:
1397 4047 1422 4099 'dr
1440 4047 1478 4113 (et
1496 4048 1524 4112 θ)

386 4129 580 4192 concredentes·
597 4145 665 4179 corr.
686 4127 834 4193 H)scentia
852 4130 938 4180 EGII.
959 4125 972 4196 l}
995 4130 1162 4180 offenderint
1179 4130 1226 4186 E0.
1247 4127 1260 4197 ΙΙ
1284 4135 1299 4182 9
1319 4148 1370 4183 eae
1389 4134 1471 4185 EGH
1485 4131 1524 4198 (L,

385 4212 555 4275 saetosus,
575 4214 628 4263 hae
646 4213 689 4279 lc).
707 4208 720 4280 ΙΙ
741 4215 771 4263 11
792 4214 881 4263 cortix
893 4217 923 4266 lc.
948 4211 960 4280 Ι(
982 4214 1126 4265 mollescet
1143 4215 1205 4266 EG:
1224 4217 1298 4265 -cit
1315 4218 1345 4266 Η
1362 4217 1442 4284 (hle).
1462 4223 1474 4277 ΙΙ
1498 4217 1525 4268 15

387 4297 470 4361 quod:
491 4298 556 4361 quia
574 4297 606 4345 E.
629 4293 642 4363 1(
667 4299 698 4346 16
722 4289 1018 4366 1110111111111111111111
1040 4301 1068 4349 H
1090 4296 1114 4362 (s
1136 4301 1187 4353 dcl.
1205 4302 1267 4364 110).
1289 4298 1300 4367 (Ι
1323 4301 1372 4352 fiet
1394 4303 1426 4352 H
1446 4302 1524 4368 (Ηώς

386 4382 435 4432 fiat
457 4381 514 4435 Ec.
542 4379 553 4446 (Ι
582 4382 612 4430 17
632 4381 729 4432 silicea
748 4398 818 4448 quae
843 4382 967 4447 (silicea.
980 4380 983 4447 Ι
996 4399 1067 4448 quae
1085 4384 1122 4449 E)
1141 4385 1203 4437 Eu:
1228 4383 1417 4451 silicelaquae
1437 4387 1467 4438 Η
1483 4387 1526 4450 (11·

385 4464 556 4530 lice.aquae
577 4466 611 4527 L,
635 4466 714 4532 silice
733 4483 803 4533 aquq
822 4471 842 4530 l,
861 4468 1015 4533 silicesque
1034 4468 1084 4534 011).
1107 4466 1120 4535 (Ι
1141 4472 1175 4520 20
1193 4467 1300 4522 hisdem
1318 4470 1400 4521 ΕΘΗ
1419 4468 1467 4536 (10,
1486 4471 1526 4522 his

386 4548 419 4598 de
442 4549 486 4615 L).
511 4545 523 4615 Ι(
544 4552 578 4599 24
600 4551 793 4616 paphagoniae
816 4553 841 4601 E
864 4552 1062 4620 (paphagloniq
1083 4552 1114 4620 l).
1138 4549 1151 4620 (Ι
1178 4569 1237 4604 eam
1261 4570 1361 4620 aquam
1383 4557 1444 4607 sine
1467 4556 1524 4607 EG:

387 4649 448 4694 eam
466 4634 525 4683 sine
541 4634 570 4681 H
584 4633 662 4698 (Llo).
678 4632 690 4701 ΙΙ
706 4638 738 4686 25
756 4635 924 4701 Aequiculus
943 4638 977 4689 E.
1003 4632 1016 4704 Ι(
1039 4639 1072 4687 26
1091 4639 1226 4706 brbebunt
1241 4640 1292 4690 Hc,
1316 4636 1329 4706 Ι(
1351 4642 1384 4691 27
1403 4639 1525 4691 arcadia:

386 4719 423 4766 sic
441 4715 506 4779 (11110
525 4714 564 4782 in)
583 4717 669 4767 EGH.
693 4715 705 4785 (Ι
728 4720 760 4769 28
780 4718 899 4772 Clitorii:
917 4724 955 4772 sic
974 4719 1090 4787 (clitori)
1108 4724 1194 4775 EGH.

828 4919 841 4950 Ι
