3784 5625
424 648 486 713 280
914 659 1072 706 vrrauvn

405 793 556 879 'dinibus
579 824 611 879 et
632 815 778 879 turribus
802 834 884 899 quae
906 813 1048 875 maxime
1070 810 1151 875 mihi
1173 812 1373 876 videbantur
1394 812 1514 877 idonea
1536 823 1569 878 et

423 940 443 981 a
465 917 583 1003 quibus
607 925 715 980 essent
737 918 872 979 inventa
894 924 926 977 et
949 912 1221 1000 quemadmodum
1243 913 1314 977 fieri
1337 913 1497 979 deberent
1512 932 1582 979 ex-'

423 1018 533 1105 plicui.
578 1016 737 1080 scalarum
768 1026 877 1080 autem
907 1025 939 1079 et
967 1014 1204 1079 carchesiorum
1233 1025 1265 1078 et
1292 1037 1404 1080 eorum
1431 1038 1568 1102 quorum

423 1120 566 1183 rationes
589 1128 664 1182 sunt
686 1117 903 1192 inbecilliores
925 1139 992 1182 non
1012 1138 1147 1180 necesse
1167 1116 1268 1181 habui
1291 1117 1445 1183 scribere.
1490 1119 1569 1182 haec

390 1222 523 1286 tetiam
550 1218 670 1284 milites
697 1241 756 1306 per
778 1242 812 1283 se
835 1219 940 1284 solent
968 1218 1085 1282 facere.
1129 1239 1233 1304 neque
1261 1241 1300 1282 ea
1324 1220 1397 1306 ipsa
1418 1221 1567 1284 omnibus

423 1320 504 1386 locis
526 1343 631 1408 neque
654 1321 777 1385 eisdem
799 1320 978 1385 rationibus
1001 1329 1138 1406 possunt
1159 1319 1254 1384 utilia
1276 1342 1364 1403 esse,
1394 1321 1484 1407 quod
1506 1321 1567 1385 dif-

424 1423 566 1487 ferentes
596 1432 671 1487 sunt
699 1424 894 1487 munitiones
923 1422 1159 1485 munitionibus
1186 1423 1419 1508 nationumque
1441 1422 1569 1487 fortitu·

426 1524 530 1587 dines.
566 1545 706 1610 namque
727 1523 792 1587 alia
814 1526 939 1589 ratione
961 1523 1005 1586 ad
1026 1523 1165 1586 audaces
1189 1532 1221 1587 et
1243 1526 1431 1589 temerarios
1447 1523 1513 1588 aha
1527 1525 1570 1588 ad

426 1624 599 1709 diligentes
621 1626 717 1689 aliter
738 1625 781 1688 ad
803 1626 936 1689 timidos
959 1624 1216 1691 machinationes
1239 1624 1360 1689 debent
1375 1628 1569 1713 comparari.

376 1731 535 1812 initaque
563 1726 614 1790 his
637 1716 949 1813 praescriptionibus
966 1728 1001 1790 si
1023 1728 1079 1812 qui
1100 1727 1271 1790 attendere
1293 1725 1435 1791 voluerit
1458 1738 1491 1791 et
1514 1740 1604 1792 νει-2

425 1829 575 1892 rietatem
603 1850 714 1894 earum
743 1827 894 1911 eligendo
922 1829 957 1891 in
984 1849 1082 1890 unam
1110 1828 1384 1913 comparationem
1409 1829 1570 1911 conferre,

332 1930 335 1934 ’
425 1952 490 1993 non
511 1928 674 2013 indigebit
694 1930 839 2010 auxiliis,
864 1929 923 1994 sed
945 1950 1163 2015 quascumque
1185 1950 1236 1992 res
1259 1950 1302 1992 ex
1316 1929 1500 1994 rationibus
1514 1942 1572 1996 aut
1637 1997 1639 2000 ,

425 2031 505 2096 locis
534 2052 615 2116 opus
644 2031 745 2095 fuerit
772 2033 842 2095 sine
864 2030 1070 2094 dubitatione
1095 2032 1216 2117 poterit
1238 2029 1413 2117 explicare.
1459 2031 1501 2096 de
1522 2055 1570 2096 re-

424 2132 629 2220 pugnatoriis
662 2154 740 2197 vero
767 2156 833 2198 non
860 2142 910 2197 est
943 2133 1074 2216 seriptis
1104 2130 1344 2218 explicandum.
1388 2156 1455 2198 non
1484 2136 1569 2198 enim

376 2253 409 2303 15
424 2231 469 2297 ad
494 2242 607 2298 nostra
634 2236 757 2321 scripta
784 2235 893 2299 hostes
923 2239 1112 2319 comparant
1139 2255 1191 2297 res
1214 2236 1484 2321 oppugnatorias‚
1513 2235 1572 2300 sed

425 2334 681 2401 machinationes
710 2359 820 2400 eorum
846 2357 888 2398 ex
908 2345 1055 2422 ternpore
1078 2334 1203 2400 sollerti
1225 2334 1436 2400 consihorum
1459 2336 1571 2401 celeri-
1653 2331 1656 2336 ¹

425 2445 493 2500 tate
515 2439 585 2500 sine
606 2439 765 2503 machinis
788 2438 917 2525 saepius
941 2446 1142 2501 evertuntur.
1181 2437 1267 2523 quod
1290 2440 1390 2502 etiam
1404 2438 1571 2503 Rhodien-

426 2539 517 2604 sibus
539 2526 738 2605 memoratur
756 2564 817 2605 usu
841 2540 1004 2603 venisse'
1029 2539 1214 2623 Diognetus
1244 2541 1332 2603 enim
1353 2539 1461 2604 fuerat
1483 2541 1571 2605 Rho·
1590 2552 1605 2598 3

427 2640 501 2703 dius
523 2641 730 2725 architectus,
755 2651 787 2705 et
809 2645 839 2705 ei
863 2642 903 2705 de
919 2640 1051 2729 publico
1074 2643 1247 2726 quotannis
1269 2652 1358 2705 certa
1372 2664 1498 2707 merces
1513 2666 1573 2729 pro

377 2766 409 2814 20
426 2741 507 2805 artis
532 2740 692 2826 dignitate
714 2743 918 2808 tribuebatur
939 2743 983 2812 ad
1004 2743 1170 2807 honorem.
1210 2764 1248 2807 eo
1270 2752 1415 2831 tempore
1438 2743 1574 2830 quidam

427 2843 625 2908 architectus
647 2844 690 2908 ab
712 2845 823 2910 Arado
844 2847 975 2910 nomine
998 2844 1118 2908 Calhas
1141 2845 1296 2909 Rhodum
1319 2869 1393 2909 cum
1416 2848 1572 2928 venisset,

427 2945 576 3007 acroasin
597 2944 676 3009 fecit
698 2946 927 3032 exemplarque
950 2945 1086 3033 protulit
1108 2949 1193 3011 muri
1215 2956 1248 3011 et
1270 2969 1369 3033 supra
1390 2947 1426 3010 id
1448 2947 1573 3011 machi-

427 3067 503 3108 nam
518 3047 553 3108 in
567 3046 731 3111 carchesio
748 3046 894 3111 versatili
909 3049 1089 3130 constituit,
1113 3071 1177 3134 qua
1197 3047 1371 3136 helepolim
1385 3050 1429 3113 ad
1443 3052 1576 3114 moenia

426 3147 636 3211 accedentem
664 3150 821 3236 corripuit
844 3159 875 3214 et
897 3148 1065 3214 transtulit
1086 3152 1173 3214 intra
1194 3173 1333 3215 murum.
1378 3152 1439 3215 hoc
1462 3173 1574 3214 exem-

377 3277 410 3325 25
428 3248 499 3334 plar
525 3249 647 3314 Rhodii
680 3273 753 3316 cum
786 3251 964 3332 vidissent,
998 3251 1151 3315 admirati
1182 3251 1373 3317 ademerunt
1406 3253 1576 3338 Diogneto

428 3349 516 3434 quod
547 3350 654 3415 fuerat
685 3355 858 3438 quotannis
888 3354 918 3416 ei
945 3353 1158 3416 constitutum
1185 3363 1218 3418 et
1246 3375 1319 3417 eum
1346 3355 1505 3421 honorem
1530 3356 1576 3419 ad

497 3601 674 3668 51{m1htes
692 3625 746 3657 cum
765 3625 818 3659 ras.
843 3610 873 3659 G.
897 3605 910 3676 (Ι
931 3611 947 3658 6
965 3626 1054 3675 neque
1077 3611 1106 3660 H
1123 3608 1207 3676 (Llc):
1240 3627 1291 3662 nec
1310 3609 1437 3677 (eisdem)
1457 3614 1489 3666 G.
1518 3610 1530 3681 (Ι
1559 3618 1576 3665 7

429 3689 595 3740 munitiones
613 3694 811 3744 munitionibus
830 3694 852 3743 G
869 3692 933 3758 (110):
957 3696 1119 3745 monitiones
1137 3697 1334 3747 monitionibus
1357 3699 1385 3747 H
1403 3697 1484 3762 (Llc).
1506 3695 1519 3764 (Ι
1545 3703 1577 3750 10

430 3778 458 3822 et
475 3774 642 3824 varietatem
664 3794 724 3842 epo:
752 3794 786 3828 ex
809 3778 946 3829 varietate
967 3780 1025 3830 GH.
1049 3776 1062 3844 (Ι
1085 3782 1115 3828 11
1139 3796 1233 3829 earum
1252 3781 1337 3829 Mum:
1361 3797 1453 3831 eorum
1479 3785 1539 3834 GH.
1562 3783 1574 3844 (Ι

429 3858 496 3920 eli(e
511 3859 634 3924 G)gendo
651 3862 681 3910 in
698 3865 763 3911 una:
781 3864 819 3911 sic
837 3863 895 3913 GH.
920 3861 931 3926 Ι(
956 3863 1080 3912 conferre
1099 3863 1129 3910 H
1147 3862 1267 3927 (G0Lle):
1287 3864 1392 3926 confer!
1414 3864 1514 3925 G(om.
1535 3884 1576 3925 re,

428 3946 498 4009 quod
513 3946 573 3997 add.
595 3946 649 4006 00).
674 3942 686 4012 1(
709 3949 740 3996 12
759 3963 793 3996 ex
811 3962 870 4011 ego:
890 3944 913 3996 dt
931 3950 971 4008 (et
992 3946 1023 4010 G)
1044 3947 1094 3995 Gll
1113 3943 1173 4010 (aut
1189 3946 1266 4010 loa).
1289 3945 1302 4013 H
1327 3950 1358 3997 13
1376 3948 1418 3996 Do
1436 3962 1578 4013 repugna-

428 4029 508 4078 toriis
591 4031 648 4079 hinc
665 4033 765 4081 accedit
788 4032 820 4082 E.
843 4027 855 4097 (Ι
881 4033 911 4080 16
935 4028 1155 4079 machinati'nes
1179 4033 1209 4080 G.
1236 4030 1241 4095 Ι
1269 4034 1300 4082 18
1322 4036 1491 4082 memoratus
1514 4041 1578 4082 onte

428 4130 497 4163 com.
524 4114 545 4163 G
568 4113 628 4176 (non
648 4116 692 4177 Ε).
717 4113 729 4181 ll
754 4116 909 4181 Diognetus
930 4117 1002 4166 doe:
1030 4114 1160 4179 diogenes
1182 4116 1268 4166 EGH.
1294 4113 1307 4182 (Ι
1335 4120 1366 4167 19
1389 4117 1492 4166 mercis
1514 4125 1578 4166 ante

428 4213 497 4247 corr.
516 4199 552 4247 H.
578 4195 590 4262 Ι(
612 4199 687 4261 parti
706 4198 787 4262 (-tis
807 4200 852 4263 60)
870 4200 1008 4264 dignitate
1025 4199 1201 4249 tribuebatur
1217 4201 1280 4250 EG:
1299 4217 1348 4265 pro
1366 4203 1420 4250 arti
1438 4201 1533 4264 (artae
1553 4220 1577 4261 c,

430 4286 488 4332 arte
507 4281 542 4345 tlt)
566 4283 738 4333 tribuebatur
750 4285 779 4332 H
798 4281 894 4349 (tter).
911 4280 923 4350 (Ι
940 4287 971 4332 21
992 4283 1104 4333 calhas:
1122 4287 1160 4333 sic
1177 4285 1264 4338 EGH.
1280 4282 1293 4350 Ι(
1313 4284 1405 4334 rodum
1424 4295 1485 4338 ante
1503 4304 1577 4342 corr.

429 4367 464 4414 H.
488 4364 500 4431 (Ι
523 4369 555 4415 22
574 4369 702 4417 acroasin
723 4368 809 4419 EGH.
835 4363 847 4434 ll
877 4367 1074 4432 exemplarque
1098 4368 1183 4419 Rode:
1207 4368 1360 4435 exemplaq3
1383 4371 1471 4421 EGH.
1500 4368 1512 4437 (Ι
1542 4375 1578 4424 23

428 4450 572 4501 carchesio
589 4453 643 4503 ed:
663 4467 776 4503 carceso
794 4453 881 4502 EGH.
905 4450 917 4519 (Ι
940 4467 994 4517 qua
1011 4452 1160 4517 helepolim
1177 4454 1248 4503 Joc:
1268 4469 1348 4518 quem
1367 4453 1484 4519 (quelli)
1501 4456 1579 4520 lepi-

428 4533 511 4584 dolim
530 4536 615 4586 EGH.
636 4533 650 4601 Ι(
672 4538 705 4585 25
723 4536 836 4602 diogeni
852 4537 940 4587 EGH.
959 4535 972 4602 1(
993 4539 1025 4587 26
1044 4537 1115 4601 quod
1134 4539 1226 4587 fuerat
1244 4535 1331 4600 (serat
1349 4539 1383 4600 E)
1403 4539 1475 4602 quod
1494 4544 1580 4591 annis

428 4615 508 4680 &(et
527 4620 560 4677 G,
579 4620 664 4670 eiad.
688 4619 739 4682 ΡΙ.)
762 4621 940 4670 constitutum
964 4619 1043 4684 (-t1·1
1063 4621 1124 4687 GH)
1148 4638 1209 4672 eum
1233 4621 1279 4685 (eir
1299 4621 1362 4686 GH)
1385 4620 1413 4671 h.
1436 4623 1517 4672 EGH
1537 4625 1581 4687 (et

430 4715 491 4749 eum
508 4703 535 4751 h.
553 4701 617 4766 ea).
