3784 5625
452 1873 514 1983 lle
535 1918 616 1981 amis
638 1918 909 1985 architectonicae
923 1920 1043 2007 peritia
1061 1919 1163 1985 multa
1178 1921 1322 1986 oratione
1337 1920 1508 1986 Vitruvius

366 2017 459 2081 Polio
481 2016 603 2104 aliique
624 2029 773 2085 auctores
789 2022 1005 2085 scientissime
1020 2023 1189 2107 scripsere.
1227 2044 1340 2087 verum
1356 2045 1396 2086 ne
1412 2021 1508 2108 longa

367 2140 477 2189 eorum
502 2119 689 2206 disertaque
709 2122 863 2186 facundia
885 2122 1113 2188 humilioribus
1134 2124 1275 2207 ingeniis
1297 2122 1439 2186 alienum
1459 2123 1507 2187 sa-

367 2227 455 2282 ceret
479 2219 636 2304 studium,
658 2244 762 2307 pauca
784 2245 827 2286 ex
847 2222 899 2287 his
921 2223 1078 2288 mediocri
1101 2221 1177 2286 licet
1199 2245 1346 2287 sermone
1368 2224 1506 2309 privatis

332 2320 482 2385 5usibus
515 2343 631 2386 ornare
661 2323 726 2387 fuit
754 2322 935 2388 eonsilium.
979 2345 1062 2409 quae
1089 2333 1197 2409 partes
1226 2325 1336 2410 itaque
1364 2322 1446 2388 caeli
1474 2332 1506 2388 ct

364 2424 517 2506 regiones
545 2434 717 2488 ventorum
745 2424 891 2489 salubres
913 2422 1072 2488 aedificiis
1095 2424 1269 2489 videantur
1291 2435 1323 2489 et
1345 2447 1408 2512 qna
1430 2426 1504 2490 sub·

363 2524 486 2588 tilitate
508 2524 619 2589 nocivi
640 2524 735 2589 {latiis
758 2535 948 2589 avertantur
963 2525 1137 2611 aditusque
1151 2526 1320 2592 ianuarum
1336 2536 1369 2591 et
1383 2525 1505 2590 lumina

363 2625 518 2689 fenestris
541 2624 667 2689 utiliter
687 2629 891 2710 tribuantur,
920 2626 1081 2712 quibusve
1102 2628 1261 2693 mensuris
1283 2626 1505 2692 aedificiorum

363 2726 510 2789 membra
533 2726 758 2812 disponantur,
781 2728 900 2815 quibus
924 2728 1027 2812 signis
1050 2728 1157 2791 tenuis
1172 2724 1406 2815 abundansquc
1421 2748 1505 2815 aqua

314 2840 345 2888 10
362 2830 552 2893 inveniatur
558 2878 567 2911 ,
600 2828 665 2893 alia
694 2832 791 2894 ctiam
819 2851 900 2917 quae
926 2828 1122 2894 aedificandi
1143 2830 1250 2915 gratia
1272 2831 1356 2895 scire
1378 2838 1504 2917 oportet

362 2931 460 2994 brevi
482 2933 713 3017 succinctaque
733 2932 920 2996 narratione
942 2952 1128 3016 cognosces.

447 3033 558 3097 Primo
587 3055 664 3117 ergo
697 3054 780 3119 quae
807 3032 971 3120 principia
996 3033 1040 3095 ad
1066 3031 1315 3096 architecturam
1342 3031 1643 3118 perhumaniter.

362 3131 505 3198 debeant
537 3133 684 3199 studiose
716 3133 886 3199 attendere
913 3133 1076 3198 convenit.
1121 3133 1229 3198 onmia
1256 3132 1341 3197 enirn
1371 3129 1504 3220 pulchro

361 3234 480 3298 decore
502 3257 541 3298 ae
562 3247 700 3301 venusta
721 3235 865 3301 utilitate
885 3235 957 3298 fieri
980 3243 1148 3321 poterunt,
1172 3235 1201 3300 si
1222 3244 1298 3299 ante
1313 3231 1408 3299 huius
1423 3235 1504 3299 artis

313 3348 340 3397 [5
360 3336 489 3422 peritus
518 3336 597 3400 ordo
625 3339 780 3402 discam
824 3359 901 3401 nam
927 3335 1165 3401 architecturae
1191 3344 1300 3423 partes
1322 3344 1398 3401 sunt
1420 3344 1503 3420 octo,

360 3445 546 3522 quaesunt
572 3435 750 3520 ordinatio,
778 3438 970 3526 dispositio,
998 3446 1170 3519 venustas,
1197 3457 1365 3523 mensura,
1393 3434 1502 3502 ‹listri-

359 3534 472 3615 butio,
506 3534 707 3619 aedificatio,
741 3537 937 3621 conlocatio,
971 3536 1178 3617 machinatio.
1225 3560 1268 3604 aas
1299 3535 1350 3603 his
1384 3536 1501 3603 <trucci

360 3637 509 3724 quinque
545 3635 713 3700 vocabulis
753 3638 898 3703 studium
936 3638 1176 3704 architecturae
1210 3662 1281 3704 <sse
1313 3639 1502 3705 ‹locttertmt

357 3760 438 3803 nam
453 3735 692 3800 ordinationem
712 3736 820 3823 ταξιν,
842 3739 1090 3827 dispositionem
1110 3740 1276 3824 διαθεσιν,
1299 3750 1500 3805 antinoitas

313 3856 339 3906 to
359 3850 394 3906 et
422 3839 574 3904 decorem
602 3845 811 3924 ευρυθμιαν,
852 3841 1057 3906 modulorum
1088 3862 1254 3905 mensuras
1282 3856 1501 3925 συμμετριαν,

358 3942 627 4006 distributionem
648 3963 847 4025 οικονομιαν
867 3942 1127 4029 appellaverunt.
1169 3940 1330 4005 ordinatio
1352 3949 1402 4005 oa
1425 3960 1501 4023 tergo

357 4043 579 4108 membrorum
600 4041 786 4128 dispositio,
809 4053 842 4108 et
856 4053 983 4110 constat
998 4066 1040 4108 ex
1055 4041 1247 4129 quantitate,
1270 4062 1365 4129 qnam
1381 4038 1409 4106 <t
1416 4040 1500 4107 raeci

358 4233 589 4243 —--——-

426 4355 443 4402 2
461 4352 648 4403 scientissime
658 4368 676 4418 p
688 4344 758 4415 (iteri
768 4354 840 4418 capt
851 4358 911 4415 post
923 4350 1065 4402 Palladium
1075 4348 1198 4415 ummah
1217 4364 1263 4401 om.
1275 4365 1316 4417 vlt,
1329 4343 1368 4417 1Ιὸ
1381 4346 1499 4402 straneas

356 4453 386 4502 p.
410 4432 424 4502 ΙΙ
445 4436 572 4502 ingeniis
587 4453 616 4501 p.
640 4432 654 4505 ll
674 4439 691 4488 8
708 4437 865 4488 tribuantur
875 4433 982 4485 utiliter
997 4450 1023 4500 p,
1046 4428 1059 4500 ΙΙ
1083 4435 1114 4484 14
1131 4432 1279 4500 petierunt
1295 4452 1317 4486 a
1337 4432 1349 4502 ΙΙ
1374 4437 1404 4487 ta
1416 4425 1499 4500 τάξιν

358 4521 482 4573 Polenus:
507 4536 542 4570 ac
558 4537 610 4586 φρ
627 4521 840 4582 (ordinationem
859 4535 893 4570 ac
910 4517 1141 4584 dispositionem).
1165 4515 1177 4585 ΙΙ
1199 4516 1344 4571 disthoslm
1362 4534 1420 4586 upa,
1437 4514 1450 4588 ΙΙ
1466 4522 1500 4573 20

358 4608 400 4654 et:
420 4620 454 4654 sc
470 4620 497 4669 p.
518 4601 532 4670 11
555 4605 729 4656 eurithmiam
745 4623 774 4665 v,
792 4604 868 4654 mian
890 4601 951 4654 (aar
974 4600 1098 4654 decorem
1122 4603 1208 4668 mian)
1228 4620 1272 4669 pu.
1295 4600 1308 4673 ΙΙ
1331 4601 1496 4657 usitatorum

354 4703 401 4753 pp.
423 4686 437 4754 ll
459 4689 639 4752 symmetrian
653 4706 699 4755 pq,
718 4689 803 4738 -trit't
819 4706 842 4739 a.
866 4686 879 4756 ΙΙ
900 4690 931 4740 st
951 4688 1129 4740 oeconomias
1147 4706 1168 4749 a,
1187 4687 1385 4743 oeclronorulsu
1402 4706 1445 4761 pp.
