3784 5625
693 670 741 716 nn
763 667 1031 717 aucurraorunn
1053 669 1124 715 niu.
1139 669 1215 713 vin.
1461 650 1524 715 205

381 824 447 888 sint
470 823 529 910 qui
550 822 638 887 circa
660 844 715 886 eos
737 820 844 885 fontes
867 820 1017 885 habitant
1039 820 1203 902 homines,
1233 829 1265 883 et
1288 821 1316 882 si
1339 829 1434 883 erunt
1456 841 1524 883 cor-

380 924 517 1011 poribus
538 922 743 1005 valentibus,
773 921 935 987 coloribus
958 922 1090 1003 nitidis,
1121 920 1270 984 cruribus
1297 944 1362 985 non
1384 922 1524 1002 vitiosis,

379 1048 446 1090 non
473 1024 574 1113 lippis
598 1022 717 1106 oculis,
746 1033 841 1087 erunt
872 1024 1106 1110 probatissimi.
1155 1024 1234 1085 item
1262 1023 1290 1085 si
1319 1022 1393 1087 fons
1419 1044 1524 1086 novus

379 1128 490 1194 fossus
513 1126 614 1190 fucrit
636 1135 668 1189 et
689 1126 725 1188 in
740 1147 798 1189 vas
815 1124 1023 1189 Corinthium
1038 1126 1109 1188 sive
1130 1122 1265 1187 alterius
1287 1124 1415 1209 generis
1439 1120 1526 1208 quod

380 1229 444 1294 erit
459 1252 502 1294 ex
515 1249 593 1292 acre
611 1226 697 1292 bono
714 1250 752 1291 ea
766 1249 851 1313 aqua
867 1249 982 1313 sparsa
995 1225 1154 1290 maculam
1168 1248 1235 1290 non
1255 1224 1381 1308 fecerit,
1404 1227 1525 1311 optima
1561 1236 1576 1282 o

381 1340 443 1395 est.
478 1332 624 1415 itemque
638 1331 674 1393 in
694 1351 795 1394 aeneo
818 1330 847 1392 si
870 1350 907 1392 ea
928 1350 1014 1414 aqua
1036 1326 1259 1391 defervefacta
1281 1336 1314 1390 et
1341 1337 1454 1413 postea
1475 1348 1524 1389 re-

382 1433 494 1518 quieta
522 1441 555 1495 et
584 1429 700 1494 defusa
726 1430 828 1495 fuerit
854 1451 961 1516 neque
988 1431 1023 1493 in
1051 1431 1121 1493 eius
1149 1430 1243 1492 aenei
1269 1428 1371 1492 fundo
1403 1428 1526 1491 harena

348 1542 442 1597 aaut
463 1531 563 1597 limus
591 1532 792 1615 invenietur,
823 1554 861 1596 ea
886 1553 973 1618 aqua
1001 1532 1062 1594 erit
1088 1532 1167 1594 item
1194 1529 1341 1616 probata.
1390 1531 1469 1593 item
1497 1530 1525 1592 si

380 1633 551 1720 legumina
573 1635 607 1697 in
623 1655 771 1697 vescum
791 1656 829 1697 ea
850 1655 936 1719 aqua
952 1634 1098 1697 coniecta
1118 1632 1161 1696 ad
1182 1633 1293 1717 ignem
1315 1631 1421 1717 posita
1443 1628 1525 1694 cele·

379 1737 461 1800 riter
489 1744 642 1823 percocta
662 1735 802 1818 fuerint,
830 1733 1025 1798 indicabunt
1046 1756 1164 1820 aquam
1186 1754 1258 1796 esse
1279 1731 1399 1796 bonam
1422 1741 1453 1796 et
1476 1754 1524 1794 sa·
1545 1743 1576 1791 10

379 1835 521 1901 lubrem.
570 1859 636 1901 non
659 1837 757 1900 etiam
778 1839 886 1900 minus
914 1837 988 1923 ipsa
1014 1857 1099 1921 aqua
1127 1856 1209 1921 quae
1237 1835 1299 1898 erit
1320 1834 1356 1896 in
1384 1833 1475 1898 fonte
1497 1834 1526 1896 si

379 1937 483 2002 fuerit
497 1936 635 2025 limpida
650 1947 683 2002 et
703 1936 887 2024 perlucida,
912 1958 1041 2024 quoque
1055 1937 1242 2023 pervenerit
1256 1945 1313 1999 aut
1334 1935 1527 2022 profluxerit

380 2061 514 2105 museus
535 2062 602 2105 non
622 2048 775 2104 nascetur
788 2061 895 2126 neque
917 2041 1050 2120 iuncus,
1073 2060 1178 2124 neque
1199 2039 1389 2123 inquinatus
1409 2036 1452 2100 ab
1466 2034 1525 2100 ali-

380 2164 445 2229 quo
460 2141 707 2228 inquinamento
722 2143 751 2206 is
773 2140 863 2205 locus
878 2140 979 2204 fuerit
994 2140 1053 2204 sed
1075 2163 1190 2226 puram
1205 2139 1358 2203 habuerit
1372 2139 1524 2225 speciem,

382 2244 533 2307 innuitur
553 2242 605 2308 his
628 2244 732 2328 signis
755 2265 826 2307 esse
848 2244 957 2307 tenuis
980 2252 1013 2305 et
1034 2242 1069 2305 in
1091 2263 1217 2305 summa·
1237 2240 1440 2304 salubritate.
1546 2255 1577 2303 lb

326 2357 378 2425 (V)
469 2344 568 2409 Nunc
596 2344 637 2408 de
662 2344 931 2431 perductionibus
954 2344 997 2408 ad
1024 2325 1242 2408 habitationes
1264 2344 1462 2429 ¹moeniaque
1490 2351 1577 2405 utVI

381 2445 455 2510 fieri
485 2455 634 2533 oporteat
660 2444 844 2533 explicabo.
894 2447 985 2511 cuius
1008 2448 1091 2510 ratio
1119 2454 1168 2508 est
1194 2446 1299 2531 prima
1325 2443 1525 2531 perlibratio.

382 2546 524 2612 libratur
545 2557 654 2611 autem
676 2547 815 2635 dioptris
836 2558 893 2612 aut
915 2548 1009 2613 libris
1023 2548 1168 2633 aquariis
1182 2557 1239 2611 aut
1260 2546 1445 2628 chorobate,
1468 2545 1527 2610 sed

382 2648 577 2735 diligentius
600 2648 743 2713 efficitur
763 2672 822 2737 per
844 2650 1058 2731 chorobaten,
1082 2648 1169 2737 quod
1191 2648 1338 2735 dioptrae
1359 2648 1527 2734 libraeque

380 2748 513 2815 fallunt.
563 2749 756 2817 chorobates
778 2760 886 2817 autem
915 2761 965 2816 est
991 2750 1105 2837 regula
1131 2750 1229 2837 longa
1250 2753 1381 2817 circiter
1406 2750 1528 2839 pedum
1545 2765 1578 2814 20

380 2853 515 2939 viginti.
560 2874 600 2916 ea
619 2852 719 2918 habet
732 2876 872 2918 ancones
890 2855 924 2918 in
940 2853 1103 2940 capitibus
1119 2855 1273 2918 extremis
1288 2853 1417 2941 aequali
1431 2852 1527 2918 modo

379 2953 547 3041 perfectos
575 2954 676 3041 inque
697 2954 829 3040 regulae
851 2956 1015 3042 capitibus
1036 2955 1080 3019 ad
1105 2979 1250 3021 normam
1273 2965 1527 3040 coagmentatos‚

380 3064 417 3119 et
437 3056 524 3120 inter
543 3054 693 3140 regulam
715 3067 747 3120 et
767 3079 907 3122 ancones
929 3080 950 3121 a
970 3057 1159 3122 cardinibus
1175 3067 1342 3143 compacta
1363 3067 1527 3123 transver-

377 3158 485 3238 saria,
509 3178 595 3243 quae
615 3157 737 3222 habent
757 3157 861 3223 lineas
883 3159 926 3223 ad
948 3158 1216 3247 perpendiculum
1238 3169 1326 3222 recte
1346 3157 1527 3244 descriptas

378 3257 629 3347 pendentiaque
657 3282 700 3323 ex
731 3259 845 3345 regula
877 3261 1111 3347 perpendicula
1142 3263 1177 3325 in
1204 3260 1343 3346 singulis
1376 3260 1526 3348 partibus
1545 3273 1578 3321 25

450 3599 580 3666 blyppie
596 3605 628 3652 te.
652 3598 665 3667 ΙΙ
687 3603 711 3652 si
729 3610 789 3654 ante
805 3620 878 3655 corr.
895 3620 942 3655 om.
963 3606 984 3654 G
1002 3604 1063 3664 (noa
1081 3605 1126 3667 E).
1149 3602 1162 3671 [l
1189 3622 1274 3657 novos
1291 3614 1351 3656 ante
1368 3622 1437 3657 corr.
1457 3607 1493 3656 H.
1514 3604 1526 3670 {l
1573 3664 1578 3683 Ι

376 3687 399 3735 4
417 3683 626 3757 seminarit:
643 3689 682 3737 aie
698 3688 785 3742 EGH.
807 3684 821 3755 ΙΙ
844 3688 929 3751 quod:
949 3690 1013 3752 quia
1031 3688 1057 3736 E
1075 3688 1134 3751 (sed
1150 3691 1223 3754 quod
1238 3707 1320 3755 supra
1337 3690 1396 3756 Ec).
1418 3688 1431 3758 ΙΙ
1453 3694 1469 3742 6
1487 3695 1529 3742 est

379 3769 413 3832 (ἔ
430 3768 477 3827 Gl:
499 3771 540 3819 eie
556 3768 638 3821 ΕΘΗ
653 3770 714 3835 (Lle
730 3780 756 3823 et
772 3779 832 3822 onte
849 3788 918 3823 corr.
936 3773 964 3831 h,
983 3774 1036 3820 erit
1053 3771 1102 3837 hc).
1127 3769 1140 3839 ΙΙ
1167 3775 1308 3824 9coiecta
1332 3777 1359 3824 H
1382 3773 1443 3838 (L),
1466 3792 1528 3826 con-

377 3854 463 3903 iecta
483 3852 536 3903 EG
557 3851 613 3919 (le).
635 3852 648 3921 ΙΙ
671 3859 703 3907 10
725 3856 888 3908 indicabunt
910 3872 1023 3921 aquam:
1051 3858 1090 3905 sic
1110 3857 1197 3909 ΕΘΗ,
1218 3855 1230 3923 ll
1253 3861 1283 3907 1·2
1301 3858 1528 3924 limpida—pro-

378 3936 500 3991 fluxerit
521 3938 561 3989 δίε
581 3940 704 4005 deinceps
724 3945 810 4006 poenit
830 3942 862 3990 H
882 3940 919 4003 (et
937 3942 973 3999 L,
996 3957 1046 3992 non
1067 3940 1111 4005 Ie).
1135 3937 1147 4006 ΙΙ
1175 3941 1319 4006 perlucida
1341 3959 1460 4007 quoquc:
1490 3946 1529 3993 rie

379 4020 474 4073 aeli.
497 4018 511 4090 ΙΙ
532 4024 709 4089 profluxerit:
728 4028 766 4075 aie
784 4025 870 4075 ΕΘΗ.
893 4023 905 4091 ΙΙ
929 4029 961 4076 13
979 4026 1077 4075 iuncus
1095 4027 1148 4074 ed:
1167 4027 1277 4075 iuncum
1297 4024 1343 4089 (cii
1363 4027 1395 4088 G)
1413 4027 1498 4076 EGH.
1522 4034 1524 4089 Ι

382 4107 421 4157 14
432 4107 472 4159 is:
484 4106 530 4157 hia
541 4108 573 4157 H
584 4106 655 4172 (ante
666 4125 735 4160 corr.
747 4107 792 4174 L).
804 4107 816 4176 ΙΙ
830 4113 860 4160 15
873 4111 999 4159 innuitur
1010 4109 1151 4173 (innuatur
1162 4110 1244 4175 Joc.):
1258 4110 1379 4160 inbuitur
1392 4108 1527 4166 l=innui-
1545 4128 1552 4135 ·

379 4194 431 4240 tur
443 4206 497 4256 pro
514 4192 649 4258 innuitur)
667 4193 699 4242 H
715 4192 799 4257 (Ltc),
818 4194 949 4245 imbuitur
967 4195 1023 4245 EG.
1046 4191 1058 4260 ll
1083 4197 1113 4244 17
1133 4195 1211 4244 cuius
1233 4196 1305 4245 ratio
1318 4221 1349 4230 -
1367 4210 1527 4245 succurren-

380 4274 449 4325 dum
467 4272 518 4340 (ad
528 4278 576 4341 sta.
595 4277 665 4343 cap.)
682 4294 730 4328 cnr,
748 4278 782 4328 E.
806 4273 818 4342 ΙΙ
842 4280 874 4328 18
891 4278 1009 4329 diobtris
1029 4280 1079 4329 GH
1097 4277 1177 4343 (Lte).
1201 4277 1213 4345 ΙΙ
1237 4281 1268 4329 19
1288 4279 1466 4330 chorobaten:
1489 4282 1528 4330 sie

383 4358 447 4409 011.
474 4355 487 4427 ΙΙ
514 4360 642 4411 diobtrae
667 4362 719 4413 GH
740 4362 876 4427 (dioptrae
900 4362 968 4427 Llc).
993 4360 1005 4429 ΙΙ
1033 4363 1176 4428 libraeque
1198 4362 1353 4429 (libroquae
1376 4366 1416 4422 H,
1436 4364 1526 4416 librae

381 4460 400 4512 s
413 4476 486 4527 quae
504 4462 531 4513 1,
547 4465 646 4513 inserto
657 4480 674 4513 a
684 4479 753 4514 corr.
768 4446 828 4512 l:
840 4463 927 4529 sunt):
946 4464 1016 4530 libre
1026 4466 1083 4529 tine
1103 4464 1196 4526 (ι’(εθιί
1208 4465 1242 4515 G⁶
1252 4481 1333 4531 cupra
1352 4480 1376 4530 qr
1385 4486 1420 4510 =
1429 4468 1502 4532 que).

380 4546 418 4595 21
434 4546 540 4612 vigInti
555 4546 587 4595 H
603 4545 687 4611 (hlclz
706 4547 757 4598 XX
778 4549 807 4599 G.
827 4545 839 4613 ΙΙ
860 4548 974 4612 aequali
991 4547 1071 4599 medo
1088 4550 1121 4597 H
1136 4547 1219 4614 (Llc):
1238 4548 1454 4616 aequalielmodi
1468 4553 1497 4604 (ι’,
1513 4552 1525 4615 ἷῑ

381 4630 419 4680 22
436 4633 650 4697 coagmentata
669 4631 703 4681 cz
726 4636 836 4682 -tatus
860 4635 888 4682 H
906 4632 986 4695 (hle).
1008 4630 1021 4698 ΙΙ
1049 4635 1082 4684 23
1105 4633 1263 4684 cardinibus
1285 4642 1345 4684 ante
1367 4651 1436 4687 corr.
1461 4636 1491 4689 G,
1522 4650 1524 4655 ·

382 4719 526 4782 conpacta
545 4715 568 4765 θ
585 4714 651 4780 (t‘):
671 4721 822 4782 conpactat
840 4717 867 4765 H
886 4716 945 4778 (Llc
963 4725 989 4766 et
1006 4723 1065 4768 ente
1082 4733 1150 4769 corr.
1168 4718 1206 4784 t).
