3784 5625
250 1562 339 1604 XXVII.
358 1561 389 1601 De

263 1615 381 1663 generibus

269 1666 370 1706 colorum.

253 1751 306 1790 Vin.
321 1752 340 1799 7,
350 1753 388 1790 6-

301 1804 332 1841 14.

402 684 465 747 306
586 700 633 746 ns
656 698 816 747 mvnnsrs
839 697 1001 746 sanarem
1023 695 1359 745 Asommcrourcan.

402 852 575 915 inducatur
596 860 653 914 aut
674 851 774 913 rudus
798 860 854 914 aut
876 860 1054 915 testaceum
1076 851 1310 935 pavimentum,
1334 847 1453 912 deinde
1469 871 1544 912 con-

402 953 504 1037 gestis
527 961 559 1015 et
581 952 715 1016 calcatis
739 954 844 1038 spisse
867 951 1063 1016 carbonibus
1086 950 1261 1014 inducatur
1276 972 1319 1012 ex
1341 949 1498 1013 sabulone
1514 960 1545 1013 et

402 1053 517 1118 favilla
538 1063 570 1117 et
592 1052 680 1116 calce
701 1055 807 1117 mixta
829 1053 966 1139 inpensa
988 1050 1205 1116 crassitudine
1226 1052 1395 1115 unciarum
1417 1069 1464 1115 vl.
1502 1051 1545 1113 ad

401 1154 547 1240 regulam
569 1164 750 1240 exaequata
771 1155 923 1240 planities
946 1153 1056 1217 reddit
1079 1155 1221 1239 speeiem
1243 1154 1331 1238 nigri
1352 1154 1544 1240 pavimenti.

401 1255 509 1320 hieme
531 1278 608 1341 ergo
630 1278 694 1321 non
719 1258 837 1343 recipit
864 1255 968 1340 frigus
992 1265 1024 1319 et
1045 1256 1211 1320 ministros
1235 1254 1312 1319 licet
1333 1254 1430 1319 nudis
1453 1255 1544 1341 pedi·
1565 1268 1581 1316 5

401 1356 464 1422 bus
495 1380 617 1446 vapore
644 1358 830 1421 delectabit.
875 1359 922 1420 sic
945 1358 1032 1420 enim
1054 1359 1117 1421 erit
1143 1358 1368 1442 pavimentum
1388 1367 1424 1421 ut
1448 1347 1546 1419 etiam

400 1457 585 1523 bibentium
607 1459 724 1546 pocula
746 1462 775 1524 si
796 1460 871 1523 fusa
892 1459 1015 1523 fuerint
1037 1468 1199 1523 momento
1221 1459 1411 1522 siccescant.

488 1560 620 1625 Colores
648 1582 726 1625 vero
753 1560 811 1624 alii
833 1562 930 1624 certis
954 1560 1033 1623 locis
1062 1570 1288 1646 procreantur,
1316 1560 1372 1624 alii
1395 1582 1437 1624 ex
1459 1582 1545 1623 com-

401 1662 617 1727 mixtionibus
647 1671 894 1749 componuntur.
938 1662 1089 1726 rubricae
1116 1663 1227 1747 itaque
1254 1660 1365 1725 multis
1388 1660 1466 1725 locis
1490 1683 1546 1745 ge-

401 1773 573 1844 nerantur,
603 1762 661 1825 sed
688 1765 829 1849 optimae
857 1765 891 1825 in
918 1763 1023 1826 Ponto
1052 1771 1084 1826 et
1111 1765 1145 1826 in
1168 1764 1330 1849 Hispania
1357 1770 1598 1826 nascuntur.10

401 1864 625 1950 paraetonium
649 1886 690 1927 ex
712 1865 783 1949 ipso
805 1864 876 1929 loco
898 1865 986 1928 unde
1008 1864 1132 1929 foditur
1152 1863 1252 1927 habet
1266 1886 1394 1928 nomen.
1433 1863 1546 1927 eadem

402 1967 528 2029 ratione
551 1964 777 2048 ermelinum,
806 1966 893 2051 quod
922 1968 991 2030 eius
1019 1965 1185 2030 metallum
1199 1988 1271 2055 ⁴per
1293 1966 1415 2031 insulas
1440 1966 1547 2052 cycla-

403 2067 461 2130 das
484 2065 571 2129 Melo
594 2066 724 2129 dicitur.
769 2077 858 2130 creta
879 2067 998 2132 viridis
1021 2066 1169 2153 pluribus
1192 2066 1272 2131 locis
1295 2070 1457 2150 nascitur,
1489 2068 1548 2131 sed

403 2170 525 2254 optima
548 2176 636 2231 creta
659 2167 818 2254 Smyrnae
840 2178 968 2233 tantum
990 2179 1194 2256 procreatur,
1225 2191 1308 2254 quae
1330 2190 1447 2254 graece
1469 2175 1547 2233 θεο-

403 2272 518 2334 ὄοτιον
540 2268 700 2332 dicitura
721 2270 891 2335 Theodoto
914 2272 1054 2356 quodam
1076 2273 1112 2333 in
1134 2273 1226 2335 cuius
1250 2271 1318 2336 solo
1340 2272 1482 2357 primum
1499 2280 1549 2334 est
1569 2284 1600 2332 15

402 2372 547 2433 inventa.
585 2372 878 2457 auripigmentum,
902 2372 990 2458 quod
1012 2388 1194 2455 αρσενικον
1214 2394 1338 2456 graecev
1352 2371 1548 2459 appellatur,

402 2472 437 2534 in
459 2472 562 2534 Ponto
591 2475 746 2536 nascitur.
792 2473 971 2537 sandaraca
992 2472 1141 2561 plurimis
1165 2474 1246 2537 locis
1269 2484 1460 2558 generatur,
1490 2474 1550 2537 sed

403 2575 527 2659 optima
554 2574 589 2636 in
617 2575 721 2638 Ponto
751 2586 782 2638 et
815 2578 908 2639 iuxta
940 2576 1061 2639 flumen
1089 2575 1268 2663 Hypanim.
1312 2577 1407 2639 minii
1439 2585 1550 2639 autem

403 2684 519 2738 natura
541 2677 682 2761 primum
704 2675 883 2743 aGraecis
908 2676 1126 2762 Ephesiorum
1149 2677 1217 2741 solo
1239 2687 1369 2764 reperta
1391 2698 1550 2740 memora·

403 2785 473 2857 tur,
504 2777 658 2862 deinceps
687 2779 723 2841 in
750 2777 922 2865 Hispania.
968 2779 1059 2842 euius
1087 2766 1203 2843 natura
1229 2779 1288 2843 has
1317 2779 1550 2843 admirationes
1568 2792 1603 2841 20

404 2875 512 2940 habet.
557 2877 673 2962 glebae
701 2881 811 2966 itaque
840 2903 912 2944 cum
936 2902 977 2943 ex
1000 2880 1142 2963 metallis
1171 2884 1312 2969 primum
1340 2880 1550 2963 exciduntur,

403 2979 530 3063 argenti
554 2981 624 3044 vivi
646 2989 757 3064 guttas
781 2983 985 3068 exprimunt,
1010 3004 1089 3068 quas
1111 2981 1252 3045 artifices
1274 2967 1324 3045 ad⁸
1339 2982 1448 3069 plures
1471 3005 1551 3047 usus

404 3078 571 3164 colligunt.
603 3104 709 3176 neque
732 3085 818 3147 enim
840 3094 1012 3168 argentum
1033 3106 1140 3171 neque
1153 3105 1216 3148 aes
1240 3087 1312 3148 sine
1333 3084 1383 3147 his
1405 3086 1551 3161 inaurari

403 3191 522 3267 potest.
566 3205 641 3245 nam
664 3185 818 3249 confusae
846 3187 881 3249 in
902 3209 1003 3249 unum
1025 3187 1072 3249 ita
1093 3195 1129 3248 ut
1152 3186 1313 3271 quattuor¹
1332 3186 1552 3250 sextariorum

403 3305 589 3347 mensuram
611 3283 763 3367 habeant,
787 3297 917 3351 centum
939 3286 1098 3351 librarum
1115 3287 1243 3373 pondus
1260 3286 1414 3351 efficient.
1451 3308 1553 3373 supra
1571 3295 1605 3342 25

405 3384 495 3446 cuius
524 3383 683 3470 liquorem
711 3389 932 3452 centenarium
945 3390 1035 3474 “saxi
1056 3387 1185 3475 pondus
1208 3390 1237 3452 si
1259 3389 1423 3475 posueris,
1452 3389 1551 3452 susti-

473 3644 487 3691 1
506 3643 649 3692 testatium
668 3645 826 3708 pavimento
844 3661 901 3710 opp.
919 3642 932 3711 ΙΙ
949 3647 1087 3712 congestis
1105 3650 1133 3695 et
1146 3643 1254 3709 (Vitr.):
1274 3646 1400 3711 congesti
1418 3641 1444 3710 (Ι
1453 3644 1483 3709 p)
1502 3645 1554 3695 sed

405 3724 465 3789 (aie)
483 3743 543 3792 opp.
566 3723 579 3792 ΙΙ
601 3729 616 3777 2
636 3744 669 3777 ex
687 3729 820 3779 sabulone
838 3733 891 3780 ed:
916 3728 1071 3781 &sablone
1089 3746 1146 3795 opp.
1165 3726 1182 3796 ἸΙ
1201 3733 1217 3779 3
1236 3730 1314 3780 calce
1337 3730 1430 3780 mexta
1446 3747 1473 3788 v,
1493 3729 1553 3780 cal·

406 3827 465 3861 cem
484 3816 550 3862 exta
566 3828 592 3877 9,
612 3813 688 3864 calce
705 3817 767 3862 exta
783 3832 802 3879 p
822 3815 881 3874 (sed
895 3825 926 3880 9⁶
945 3815 1024 3865 calce
1043 3814 1150 3880 mixta).
1175 3811 1187 3880 ΙΙ
1210 3815 1335 3880 impensa
1352 3817 1407 3865 ert:
1425 3815 1552 3880 inpensae

404 3913 431 3955 v,
453 3897 577 3962 impense
598 3913 642 3962 pp,
668 3894 681 3964 ΙΙ
707 3899 888 3949 erastitudinc
906 3898 965 3963 (sie)
983 3917 1006 3949 υ.
1030 3896 1042 3964 ΙΙ
1064 3901 1081 3949 4
1103 3900 1219 3965 rigulcm
1241 3917 1283 3964 up.
1311 3896 1324 3965 ΙΙ
1352 3902 1432 3965 nigra
1453 3917 1478 3949 u.
1501 3897 1515 3965 ΙΙ
1537 3902 1554 3949 5

404 3981 544 4032 ministros
563 3985 619 4033 ed:
640 3984 779 4033 menistris
797 4001 820 4042 u,
839 3985 986 4034 menistrus
1002 4002 1029 4049 p,
1048 3984 1189 4034 ministrus
1208 3993 1337 4034 anterus.
1355 4001 1373 4050 9
1391 3983 1554 4049 (18119θωί-

404 4064 521 4129 nistris).
543 4062 555 4131 ΙΙ
579 4067 594 4114 6
619 4066 773 4118 delectauit
794 4084 852 4133 opp.
873 4065 885 4134 ΙΙ
908 4069 1069 4134 pavimenti
1090 4079 1134 4134 90:
1154 4074 1214 4120 -to
1231 4087 1265 4134 up
1288 4075 1314 4120 et
1331 4079 1390 4120 unte
1408 4086 1478 4120 corr.
1497 4086 1523 4132 9.
1539 4066 1552 4133 ΙΙ

405 4151 420 4198 7
439 4150 502 4199 fusa
525 4156 563 4199 aie
579 4166 628 4214 pp:
653 4168 700 4203 om.
718 4170 731 4201 v
751 4150 786 4214 (si
804 4152 929 4217 fuerint).
952 4150 965 4220 ss
992 4151 1102 4218 [reliqua
1126 4156 1238 4218 capitula
1256 4156 1339 4206 οπιίεἰι
1354 4153 1391 4220 pl.
1411 4151 1425 4220 ss
1448 4157 1465 4204 8
1488 4154 1555 4204 aliis

406 4248 439 4282 ex
455 4251 497 4298 up.
520 4230 533 4300 Η
556 4237 587 4283 11
607 4237 780 4300 paretonium
799 4253 839 4301 up.
864 4234 877 4303 ΙΙ
900 4238 1119 4302 1amelen1‘1vp.
1143 4235 1155 4304 ΙΙ
1179 4240 1239 4289 cius
1257 4240 1365 4290 metalli
1381 4256 1415 4304 vp
1429 4237 1467 4302 (ut
1483 4239 1554 4298 Vur.

403 4335 431 4381 p.
451 4321 507 4380 176,
527 4318 579 4381 19).
604 4315 616 4384 ΙΙ
645 4322 676 4369 14
699 4321 900 4396 optima-creta
918 4321 1053 4387 Smyrnae
1072 4323 1118 4385 (σω
1139 4322 1233 4387 Vitr.):
1257 4326 1360 4390 optima
1376 4325 1406 4373 in
1419 4327 1498 4374 creta
1516 4325 1556 4372 ci·

404 4401 466 4455 rins
483 4420 525 4467 up.
547 4399 559 4468 ΙΙ
580 4403 656 4466 greci
673 4421 714 4468 op.
735 4400 748 4471 ss
770 4406 946 4458 theodoteum
969 4409 1050 4459 Vua:
1075 4407 1283 4474 theodotel-te
1301 4408 1326 4472 υ)
1344 4405 1415 4475 upss
1438 4409 1471 4458 15
1489 4422 1556 4472 qno·
1606 4395 1609 4400 ⁴

406 4485 468 4535 dam
486 4501 516 4550 p:
542 4489 661 4551 quadam
678 4506 700 4539 v.
724 4486 736 4555 ΙΙ
761 4491 792 4539 16
811 4492 997 4558 auripimentir
1012 4510 1045 4557 p,
1070 4497 1262 4558 europimcntu
1280 4512 1303 4544 υ.
1326 4491 1339 4560 ΙΙ
1362 4509 1429 4558 quos
1448 4495 1555 4544 arseni-

406 4583 457 4620 con
474 4587 514 4635 vp.
535 4567 548 4638 ΙΙ
572 4574 603 4622 17
622 4573 758 4624 sandraca
777 4592 817 4640 ap.
840 4573 854 4642 Ι]
878 4577 908 4625 18
925 4578 1039 4642 ypanim
1056 4594 1083 4628 v:
1107 4579 1256 4643 ypponinm
1273 4596 1302 4643 p.
1326 4575 1338 4644 {l
1361 4578 1429 4627 mini
1445 4594 1467 4627 a.
1489 4573 1502 4643 ΙΙ
1523 4579 1556 4628 19

406 4651 541 4705 efisiorum
559 4673 582 4708 u.
603 4652 616 4721 ΙΙ
639 4659 670 4707 21
690 4658 772 4723 gleba
790 4677 821 4724 p:
840 4661 944 4726 glaetiae
962 4681 985 4716 υ.
1002 4659 1014 4727 ΙΙ
1035 4663 1068 4711 22
1088 4661 1209 4714 artifices
1227 4673 1299 4728 vcpc:
1317 4662 1393 4711 -cis
1404 4669 1465 4711 aute
1482 4677 1555 4712 corr.

405 4752 446 4800 up.
470 4734 482 4802 ΙΙ
506 4741 538 4788 23
557 4745 704 4802 arguntum
721 4760 744 4795 υ.
768 4738 780 4807 ΙΙ
803 4747 836 4794 24
854 4761 931 4797 nam:
950 4749 988 4796 sic
1004 4763 1046 4810 up.
1069 4743 1081 4811 11
1104 4749 1282 4798 sestariorum
1299 4765 1340 4812 up.
