3784 5625
448 664 511 728 302
630 679 678 724 nr
699 677 861 727 mvausrs
885 677 1045 727 ersmers
1068 675 1406 725 aucurrecromcra.

448 830 559 917 paleae
586 831 767 916 aequaliter
796 840 1098 916 supersternuntur,
1133 840 1170 893 ut
1197 830 1296 894 calcis
1324 852 1418 893 umor
1446 829 1489 892 ad
1510 852 1594 893 axes

448 934 620 1019 pervenire
647 955 712 997 non
739 933 853 1018 possit.
897 942 976 996 tunc
1002 933 1135 1019 insuper
1164 932 1418 996 statuminentur
1446 953 1525 995 saxo
1551 954 1596 995 ne

448 1036 566 1098 minori
589 1056 685 1119 quam
708 1032 795 1119 quod
817 1036 921 1119 possit
943 1056 1075 1096 manum
1097 1032 1243 1119 implere.
1284 1031 1517 1097 statuminibus
1539 1056 1594 1097 ru·

449 1137 518 1199 deri
547 1158 603 1201 seu
630 1157 715 1199 novo
743 1137 814 1199 sive
841 1135 993 1199 redivivo
1021 1135 1064 1198 ad
1088 1135 1168 1198 duas
1192 1144 1302 1221 partes
1325 1157 1390 1198 una
1412 1133 1510 1198 calcis
1532 1136 1594 1198 mi·

449 1249 587 1302 sceatur.
624 1236 726 1299 rudus
750 1247 799 1301 est
820 1239 958 1300 maiores
980 1235 1107 1323 lapides
1131 1237 1258 1299 contusi
1280 1258 1354 1299 cum
1376 1236 1464 1300 calce
1485 1237 1595 1300 mixti.
1615 1249 1631 1299 5

447 1341 585 1425 inpensa
613 1339 753 1401 crassior
780 1338 892 1401 induci
919 1337 1054 1401 debebit
1075 1360 1117 1400 ne
1139 1340 1245 1401 minus
1268 1338 1487 1401 crassitudine
1509 1338 1594 1422 digi-

447 1450 498 1505 tos
523 1459 568 1503 vi.
618 1447 734 1503 exacto
767 1441 954 1525 pavimento
987 1438 1029 1501 ad
1065 1438 1211 1523 regulam
1248 1449 1280 1503 et
1311 1438 1458 1503 libellam
1496 1462 1597 1526 supra

448 1543 583 1627 inpensa
610 1550 752 1604 testacea
780 1539 907 1606 mollior
934 1541 1110 1604 inducatur
1132 1552 1164 1604 et
1186 1542 1296 1605 siccet.
1339 1551 1408 1605 tum
1431 1549 1488 1603 aut
1509 1563 1595 1603 mar-

448 1666 519 1707 mor·
552 1640 663 1706 sectile
694 1651 750 1706 aut
780 1651 923 1705 tesserae
955 1650 1011 1705 aut
1045 1641 1171 1706 scutula
1198 1652 1255 1705 aut
1281 1644 1411 1727 trigona
1438 1652 1495 1705 aut
1522 1642 1596 1705 favi

450 1745 760 1830 superinponantur‚
790 1753 822 1806 et
849 1766 952 1829 usque
982 1765 1019 1807 eo
1041 1744 1177 1807 fricetur
1204 1753 1240 1807 ut
1261 1746 1432 1808 iuncturae
1460 1742 1648 1807 velen-10

448 1845 518 1929 guli
540 1848 626 1908 inter
648 1867 683 1907 se
707 1846 916 1926 conveniant,
945 1855 1024 1908 tunc
1046 1846 1108 1908 erit
1129 1846 1275 1930 perfecta
1296 1846 1462 1910 tricatura.
1506 1845 1598 1932 quod

449 1948 479 2010 si
506 1944 645 2010 facultas
671 1969 736 2010 non
760 1947 820 2009 erit
842 1945 929 2025 unde
953 1945 1209 2031 superfigantur‚
1237 1968 1279 2009 ne
1301 1956 1358 2010 aut
1379 1946 1517 2009 lacunae
1540 1956 1598 2011 aut

450 2046 571 2111 cumuli
593 2048 674 2129 sint,
702 2048 745 2110 ad
767 2046 914 2132 regulam
937 2047 1094 2111 fricatura
1117 2048 1313 2111 extendatur
1335 2058 1367 2112 et
1389 2070 1488 2133 supra
1509 2071 1596 2111 mar-

449 2173 519 2215 mor
539 2158 672 2214 tunsum
693 2151 880 2213 incernatur
902 2158 958 2213 aut
985 2149 1106 2212 harena
1129 2171 1202 2213 cum
1225 2149 1313 2212 calce
1334 2149 1469 2213 inducta
1491 2148 1596 2235 polia-

448 2262 511 2315 tur.
542 2251 603 2315 sub
620 2251 697 2315 divo
713 2252 854 2314 maxime
870 2251 1006 2315 vitanda
1022 2260 1097 2314 sunt
1111 2251 1203 2314 finita
1218 2253 1416 2336 pavimenta,
1437 2252 1597 2337 quoniam
1616 2268 1647 2317 15

449 2353 571 2438 frigore
594 2362 626 2416 et
647 2374 758 2415 umore
781 2374 877 2437 saepe
900 2362 1160 2439 corrumpuntur.
1204 2352 1260 2415 sed
1285 2353 1313 2416 si
1335 2353 1516 2417 necessitas
1539 2362 1599 2417 aut

449 2454 600 2519 voluntas
629 2454 737 2517 facere
764 2453 929 2537 hortatur,
957 2454 1041 2517 hanc
1068 2455 1174 2539 operis
1197 2452 1411 2517 subtilitatem
1433 2454 1598 2519 servabis.

449 2558 566 2620 missas
582 2558 616 2619 in
639 2555 786 2619 ordinem
808 2555 943 2634 tabulas,
954 2565 987 2619 et
1000 2554 1082 2619 alias
1094 2558 1129 2618 in
1143 2565 1376 2637 transversum,
1393 2558 1478 2620 sicut
1495 2578 1599 2642 supra

448 2667 662 2722 monstratum
690 2668 755 2739 est,
783 2658 826 2719 ad
848 2658 1063 2743 tignationem
1085 2657 1228 2742 configes
1251 2667 1283 2721 et
1305 2656 1430 2743 paleam
1453 2666 1512 2721 aut
1534 2657 1597 2720 fili-

449 2783 519 2824 cem
542 2782 639 2847 super
665 2757 845 2846 aequaliter
872 2769 996 2824 sternes
1020 2768 1052 2823 et
1072 2758 1225 2825 loricabis
1248 2759 1289 2823 de
1312 2781 1392 2824 saxo
1414 2758 1504 2845 quod
1527 2782 1597 2823 ma·
1616 2775 1649 2824 ao

449 2886 526 2925 num
548 2863 653 2947 possit
674 2860 818 2945 implere.
858 2883 956 2946 super
976 2862 1077 2924 rudus
1093 2861 1276 2948 pedaneum
1291 2861 1427 2925 induces
1443 2871 1475 2924 et
1490 2865 1598 2926 vecti-

448 2963 510 3027 bus
533 2962 652 3047 ligneis
676 2963 861 3048 frequenter
881 2963 1046 3046 densabis,
1071 2973 1103 3027 et
1117 2972 1291 3049 antequam
1306 2963 1407 3028 rudus
1423 2965 1597 3047 siccescat,

448 3063 575 3150 tegulas
603 3064 776 3150 quadratas
804 3063 990 3150 bipedales,
1020 3087 1102 3150 quae
1130 3087 1187 3152 per
1214 3067 1323 3130 omnia
1349 3063 1451 3128 latera
1473 3064 1597 3128 canali-

450 3166 537 3230 culos
560 3166 682 3230 habent
705 3163 868 3249 digitalea
892 3166 981 3229 calce
997 3168 1075 3231 viva
1090 3187 1130 3230 ex
1147 3166 1217 3232 olco
1232 3175 1413 3252 temperata
1427 3167 1597 3232 frontibus

448 3267 633 3352 tegularum
655 3289 718 3353 qua
740 3266 912 3331 canaliculi
935 3276 1029 3330 erunt
1051 3267 1203 3353 implebis
1227 3278 1260 3332 et
1282 3270 1330 3332 sic
1350 3270 1479 3332 iunctas
1496 3291 1598 3354 supra
1615 3281 1647 3331 26

448 3369 549 3432 rudus
566 3374 751 3453 compones‚‘
760 3378 797 3432 ut
807 3370 971 3452 margines
982 3369 1165 3453 tegularum
1177 3391 1248 3433 cum
1260 3369 1348 3433 calce
1360 3369 1598 3455 comprehendi

449 3470 586 3555 possint.
632 3491 713 3554 quac
740 3492 792 3533 res
815 3492 888 3533 cum
917 3471 1091 3535 siccaverit
1119 3473 1212 3557 quasi
1239 3493 1484 3568 unum-corpus
1514 3472 1598 3536 facit

518 3677 531 3723 1
551 3674 650 3739 paleae
670 3674 715 3738 (cf.
725 3673 815 3738 Palm:
834 3677 871 3726 sic
888 3693 945 3742 app.
962 3672 974 3742 [l
991 3682 1234 3741 supersternantur
1245 3695 1285 3743 op,
1304 3681 1446 3728 —sternat
1463 3676 1513 3741 (ad
1524 3686 1595 3734 extr,

449 3776 528 3823 maru.
538 3760 584 3812 int.
597 3759 737 3821 excedens)
744 3776 762 3823 9
775 3757 847 3822 (sort.
858 3761 946 3823 suerat
959 3760 1139 3825 —sternat²).
1151 3759 1163 3829 ΙΙ
1179 3766 1195 3813 3
1208 3764 1306 3813 minori
1316 3779 1375 3828 app.
1392 3759 1404 3828 ΙΙ
1421 3763 1493 3828 quod
1506 3764 1596 3816 Mae:

450 3847 496 3908 qui
514 3861 564 3910 opp
588 3842 626 3907 (ut
647 3846 730 3896 Vua!
752 3843 811 3894 item
828 3845 899 3908 infra
916 3863 939 3897 v.
958 3843 1013 3909 20).
1036 3841 1048 3909 ΙΙ
1071 3860 1180 3895 manum
1203 3845 1310 3911 (Vilr.):
1338 3862 1421 3896 manu
1442 3864 1489 3911 ap,
1512 3863 1561 3897 om.
1579 3864 1597 3912 9

451 3927 509 3994 (qui
528 3930 615 3994 possit
632 3928 766 3993 implere).
789 3925 800 3994 ss
822 3931 839 3978 4
857 3933 881 3979 si
898 3944 963 3978 vere
982 3929 1072 3979 divino
1091 3929 1148 3992 (cic)
1167 3947 1189 3983 v.
1212 3926 1225 3996 ss
1247 3932 1263 3980 5
1283 3931 1399 3980 cumtusi
1415 3927 1468 3996 9.ss
1484 3933 1501 3980 6
1518 3931 1598 3982 debit

449 4066 472 4098 v.
497 4045 508 4113 Ι]
531 4048 685 4097 8teetacia
704 4044 790 4109 (-t.ia
806 4045 834 4112 9)
853 4063 910 4112 app.
934 4044 946 4113 [Ι
973 4018 1042 4112 du.
1061 4064 1083 4100 e.
1102 4047 1144 4110 ut)
1161 4058 1199 4114 90.
1222 4044 1236 4114 ll
1262 4049 1368 4098 9favi:
1390 4049 1432 4097 fai
1448 4065 1500 4112 opp
1524 4049 1597 4111 (tum

451 4137 499 4181 aut
520 4133 561 4182 fai
583 4147 634 4196 sup
656 4128 805 4197 inponant⁹
826 4149 852 4191 v,
875 4148 920 4182 om.
945 4147 1104 4182 marmor—
1120 4131 1189 4196 aut).
1215 4128 1228 4199 ll
1257 4135 1289 4182 12
1311 4131 1529 4198 superfigantur:
1558 4137 1598 4183 sic

449 4235 497 4283 app
517 4217 562 4281 (cf.
586 4216 674 4284 Pau).
698 4213 709 4281 ΙΙ
733 4215 824 4281 laculo
841 4232 867 4281 p.
888 4212 900 4281 ΙΙ
924 4218 956 4265 15
973 4215 1090 4266 vitanda
1113 4216 1391 4280 sunt.F1n1T.1A
1412 4219 1541 4282 paviffita
1560 4236 1596 4283 pr

450 4303 565 4352 vitanda
583 4309 654 4353 sunt.
724 4303 889 4351 Pavimento
908 4301 967 4364 (sic)
984 4318 1011 4366 9,
1034 4302 1151 4351 vitanda
1173 4306 1238 4352 eunt
1259 4303 1419 4366 pavimenta
1436 4319 1451 4352 v
1467 4299 1479 4368 Η
1501 4303 1535 4351 18
1554 4305 1598 4354 in-

450 4390 578 4438 traversa
599 4403 624 4451 9.
645 4384 656 4452 Η
684 4390 717 4436 20
740 4391 846 4435 sternes
869 4387 924 4437 ed:
952 4391 1079 4436 sternens
1101 4401 1158 4450 app.
1183 4383 1195 4452 ll
1217 4385 1350 4436 loricabis
1370 4389 1425 4437 ed:
1453 4385 1598 4437 ludieabie

450 4488 507 4537 opp.
533 4469 545 4538 ss
568 4473 690 4522 dexsaxo
713 4477 773 4521 ante
795 4486 848 4523 ras.
866 4488 890 4536 9.
914 4467 926 4536 ΙΙ
950 4470 1021 4534 quod
1039 4473 1092 4523 ed:
1117 4471 1164 4534 qui
1180 4488 1229 4536 app
1248 4470 1293 4534 (ef.
1310 4488 1332 4521 υ.
1353 4469 1390 4534 3),
1414 4467 1425 4536 ΙΙ
1448 4472 1483 4520 22
1501 4473 1599 4522 siccas

451 4556 608 4621 cattegulas
625 4574 643 4621 p
661 4565 686 4606 et
708 4563 767 4605 ante
790 4571 857 4613 corr,
874 4573 899 4618 9.
922 4550 934 4621 l}
958 4557 992 4604 24
1010 4554 1147 4605 frontibus
1169 4571 1228 4620 eqo:
1252 4555 1351 4606 frontis
1373 4571 1419 4618 ap,
1437 4558 1517 4605 -tes
1534 4573 1562 4621 9.
1584 4553 1598 4623 ΙΙ

450 4642 483 4690 26
500 4642 581 4690 rudus
600 4657 625 4691 v:
645 4642 713 4691 rudi
731 4657 758 4705 p,
777 4638 827 4688 rud
842 4656 867 4704 p.
884 4637 896 4705 ΙΙ
912 4640 1106 4704 comprehendi
1124 4655 1184 4704 eqo:
1208 4639 1438 4705 comprehendere
1456 4637 1599 4709 0001127

452 4723 532 4774 facit:
551 4731 589 4775 sic
605 4741 662 4790 opu.
