3784 5625
413 638 453 700 10
901 650 1059 697 vrrauvu

411 806 593 892 ceterisque
625 803 774 868 omnibus
810 802 968 867 doctrinis
989 802 1119 870 ,multae
1152 825 1204 866 res
1240 802 1294 865 vel
1323 825 1434 866 omnes
1470 826 1554 868 com-

411 930 525 972 munes
556 916 631 972 sunt
664 905 833 970 dumtaxat
867 904 910 969 ad
942 904 1185 992 disputandum.
1235 927 1368 992 operum
1398 927 1476 968 vero
1506 906 1554 969 iu-

411 1033 558 1095 gressus,
588 1010 644 1096 qui
674 1030 771 1073 manu
799 1030 837 1071 ac
863 1008 1113 1072 tractationibus
1141 1007 1183 1070 ad
1213 1005 1408 1092 elegantiam
1436 1008 1554 1094 perdu-

411 1121 538 1193 cuntur,
562 1113 708 1198 ipsorum
730 1120 806 1177 sunt
829 1111 885 1197 qui
906 1111 1038 1196 proprie
1059 1131 1124 1172 una
1138 1118 1208 1173 arte
1219 1106 1265 1172 'ad
1281 1108 1467 1174 faciendum
1483 1120 1557 1173 sunt

377 1215 565 1279 tinstituti.
610 1235 687 1298 ergo
715 1214 794 1278 satis
824 1211 954 1275 abunde
977 1211 1109 1276 videtur
1130 1210 1249 1275 fecisse
1277 1213 1332 1297 qui
1355 1234 1397 1275 ex
1419 1210 1557 1296 singulis

411 1316 569 1381 doctrinis
598 1323 705 1402 partes
735 1324 767 1378 et
794 1316 937 1379 rationes
966 1336 1077 1377 earum
1103 1313 1311 1377 mediocriter
1338 1314 1436 1379 habet
1463 1324 1556 1379 notas

411 1441 465 1482 eas
489 1439 571 1504 quae
592 1418 796 1481 necessariae
825 1425 900 1480 sunt
927 1416 970 1479 ad
997 1415 1263 1497 architecturam,
1290 1417 1340 1480 uti
1362 1417 1391 1479 si
1413 1416 1493 1501 quid
1516 1418 1557 1481 de

411 1520 462 1584 his
486 1519 583 1584 rebus
607 1529 639 1583 et
660 1518 786 1584 artibus
813 1518 959 1582 iudicare
987 1526 1019 1581 et
1046 1517 1184 1604 probare
1212 1540 1293 1604 opus
1316 1517 1415 1581 fuerit
1437 1541 1478 1581 ne
1500 1519 1554 1583 dc-

412 1622 549 1685 ficiatnr.
594 1620 712 1707 quibus
735 1642 812 1685 vero
834 1630 951 1685 natura
972 1628 1099 1684 tantum
1119 1620 1234 1684 tribuit
1255 1618 1419 1684 sollertiae
1436 1624 1556 1686 acumi-

362 1735 394 1784 10
412 1724 463 1788 nis
490 1723 665 1786 memoriae
697 1724 894 1811 ut.pcssint
924 1715 1137 1808 geometriam
1170 1721 1379 1806 astrologiam
1411 1725 1557 1787 musicen

412 1835 601 1911 ceterasque
616 1825 807 1913 disciplinas
823 1826 954 1913 penitus
969 1825 1089 1889 habere
1104 1835 1208 1908 notas,
1225 1833 1433 1911 praetereunt
1448 1826 1559 1890 officia

412 1927 662 1992 architectorum
699 1937 731 1991 et
768 1927 954 1992 efficiuntur
988 1926 1220 1990 mathematici.
1269 1927 1380 2013 itaque
1416 1925 1559 1991 faciliter

412 2038 524 2094 contra
547 2051 600 2092 eas
623 2028 815 2116 disciplinas
839 2029 1009 2116 disputare
1031 2037 1179 2115 possunt,
1202 2027 1289 2113 quod
1312 2027 1460 2113 pluribus
1482 2028 1558 2094 telis

414 2129 660 2216 disciplinarum
688 2141 763 2196 sunt
791 2133 918 2195 armati.
963 2130 997 2194 hi
1025 2139 1134 2195 autem
1162 2131 1374 2194 inveniuntur
1400 2152 1489 2212 raro,
1521 2141 1559 2196 ut

362 2241 394 2290 15
412 2231 586 2319 aliquando
609 2232 740 2297 fuerunt
762 2233 970 2298 Aristarchus
994 2232 1133 2316 Samius,
1156 2231 1323 2298 Philolaus
1346 2241 1378 2297 et
1392 2232 1558 2318 Archytas

412 2334 600 2418 Tarentini,
638 2334 832 2422 Apollonius
867 2337 1046 2420 Pergaeus,
1090 2334 1322 2400 Eratosthenes
1357 2334 1557 2420 Cyrenaeus,

411 2436 626 2502 Archimedes
650 2447 682 2502 et
705 2437 862 2524 Scopinas
884 2438 926 2501 ab
950 2436 1137 2524 Syracusis,
1167 2439 1222 2524 qui
1244 2436 1362 2502 multas
1390 2459 1558 2521 resorga-

412 2541 503 2604 nicas
533 2549 565 2603 et
593 2541 803 2624 gnomonicas
832 2561 965 2605 numero
999 2538 1268 2626 naturalibusque
1299 2538 1481 2603 rationibus
1508 2539 1557 2602 in-

413 2650 528 2705 ventas
550 2649 648 2726 atque
671 2640 849 2727 explicatas
872 2643 1013 2728 posteris
1036 2640 1247 2728 reliquerunt.

361 2751 395 2798 20
498 2741 580 2806 Cum
603 2764 680 2827 ergo
703 2743 781 2806 talia
802 2744 933 2828 ingenia
955 2742 997 2807 ab
1019 2741 1159 2807 naturali
1182 2742 1326 2808 sollertia
1348 2764 1413 2806 non
1434 2743 1557 2831 passim
1580 2751 1613 2800 17

413 2846 538 2929 cunctis
561 2843 713 2929 gentibus
736 2844 795 2909 sed
816 2846 929 2932 paucis
945 2846 1027 2908 viris
1048 2844 1169 2910 habere
1185 2845 1390 2934 concedatur,
1413 2844 1558 2909 officium

412 2968 490 3010 vero
505 2945 676 3011 architecti
691 2947 839 3012 omnibus
857 2946 1095 3011 eruditionibus
1112 2947 1228 3011 debeat
1244 2970 1316 3013 esse
1332 2949 1558 3029 exercitatum,

412 3058 444 3113 et
466 3049 549 3112 ratio
571 3057 704 3135 propter
726 3049 974 3135 amplitudinem
996 3050 1044 3112 rei
1063 3051 1231 3136 permittat
1250 3073 1315 3116 non
1336 3051 1430 3115 iuxta
1448 3071 1557 3114 neces-

412 3152 543 3217 sitatem
571 3173 712 3216 summas
746 3150 804 3215 sed
834 3153 931 3216 etiam
959 3150 1139 3217 medioeres
1167 3153 1320 3217 scientias
1348 3151 1468 3216 habere
1491 3151 1556 3217 dis·

413 3361 640 3369 ...—--——-———

481 3496 785 3547 sacramentali.
831 3494 986 3561 elegatiom's
1003 3504 1063 3546 ente
1080 3512 1148 3547 corr.
1166 3500 1182 3546 l.
1206 3493 1218 3559 ΙΙ
1246 3499 1311 3546 'lut
1328 3496 1352 3546 si
1371 3498 1403 3550 L.
1428 3492 1440 3561 ΙΙ
1469 3495 1557 3546 9301-

412 3581 510 3631 lcstrac
535 3588 594 3629 ante
612 3595 680 3633 corr.
702 3580 732 3629 6.
754 3575 770 3647 ΙΙ
795 3582 826 3630 10
844 3582 1023 3644 geometriam
1047 3581 1099 3631 GH
1115 3580 1205 3645 (LPp,
1228 3582 1426 3645 geometricam
1444 3579 1519 3644 olet).
1543 3579 1556 3645 ΙΙ

414 3669 444 3715 11
463 3665 573 3730 penitus
592 3665 621 3727 6,
640 3665 769 3729 poenitus
789 3664 818 3714 H
829 3663 906 3731 (Lm,
924 3668 1035 3731 penitus
1046 3682 1073 3729 p,
1092 3665 1201 3729 penitus
1213 3664 1279 3730 oet).
1296 3663 1308 3731 ΙΙ
1325 3669 1357 3716 12
1370 3666 1482 3715 facilius
1494 3666 1526 3716 L.
1544 3663 1557 3729 ΙΙ

415 3770 445 3817 13
464 3752 590 3834 diputare
614 3782 637 3819 c.
659 3763 672 3831 ΙΙ
700 3768 731 3817 15
755 3767 958 3825 aristarcusG‚
982 3767 1151 3817 aristarchus
1175 3766 1204 3815 H
1225 3761 1358 3832 (LPplclz,
1387 3766 1557 3817 aristharcus

412 3852 447 3915 b)
463 3846 635 3917 ssphylolaus
655 3852 706 3901 GH
719 3848 779 3916 (Pp
797 3850 934 3917 phrlolaus
948 3851 1034 3916 Ltch
1049 3848 1062 3917 ΙΙ
1079 3850 1168 3901 archit
1171 3852 1245 3910 aaG,
1265 3852 1395 3917 archytas
1411 3852 1439 3900 H
1458 3851 1558 3916 (archi-

413 3974 457 4021 tas
480 3968 623 4042 LPplbch).
647 3967 659 4035 ΙΙ
683 3971 713 4020 16
732 3985 847 4036 pergens
871 3970 929 4022 6Η.
948 3966 961 4036 ΙΙ
975 3966 1075 4033 craltos
1097 3971 1195 4021 thenes
1212 3972 1241 4020 H
1259 3969 1364 4034 (eratus
1382 3975 1461 4022 tenes
1484 3971 1529 4033 L).
1545 3970 1558 4034 Ι
1635 4013 1638 4017 ,

414 4086 547 4135 cyreneus
566 4072 624 4121 GH.
648 4066 660 4137 ΙΙ
684 4074 716 4121 17
735 4071 916 4136 saepissume
934 4070 1008 4135 (ips.)
1026 4087 1095 4125 corr.
1109 4071 1139 4123 6.
1154 4074 1283 4138 scopinae
1293 4073 1348 4134 Η(
1339 4072 1528 4137 (.G⁶LPphlch)
1543 4070 1555 4137 ll

413 4160 536 4238 syrriusm
556 4172 585 4221 6.
603 4168 615 4236 ΙΙ
632 4173 666 4222 ab
687 4174 738 4222 GH
757 4171 800 4236 (L,
820 4170 855 4234 ab
881 4174 964 4234 Gch,
985 4188 1002 4222 a
1021 4172 1136 4239 Pphlch).
1149 4170 1161 4240 ΙΙ
1173 4176 1319 4240 organicas
1338 4176 1518 4239 gnomonicas
1538 4177 1560 4226 G

414 4263 439 4305 et
448 4263 506 4305 ante
516 4272 584 4306 corr.
594 4258 623 4305 H
634 4255 689 4320 (L),
700 4256 1038 4323 organicasrgnomrmcas
1048 4260 1089 4307 Hc
1098 4258 1153 4322 (sic,
1165 4275 1242 4309 erasa
1250 4262 1338 4309 littera
1346 4275 1427 4324 supra
1437 4260 1484 4323 mi,
1495 4277 1559 4325 qnae

411 4341 482 4402 sorte
498 4341 579 4403 fuerit
596 4358 626 4406 o,
649 4349 675 4392 et
691 4357 745 4391 cum
761 4350 855 4406 puncto
874 4350 933 4393 ante
952 4359 1041 4408 gnom.
1061 4346 1130 4410 qaod
1146 4346 1259 4410 virgulae
1281 4346 1360 4394 sinite
1379 4347 1470 4401 evasit,
1494 4347 1560 4394 unde

414 4443 562 4507 organicas
582 4458 765 4508 rgnomrnrcas
783 4445 895 4510 Ppthr,
915 4436 1054 4511 organrcis
1071 4445 1255 4511 rgnominicas
1273 4461 1295 4501 e,
1321 4446 1465 4510 organicas
1483 4448 1560 4511 igno-

414 4528 530 4577 minicas
550 4530 569 4587 l,
593 4529 642 4576 sed
662 4533 733 4577 recte
752 4530 899 4593 organicas
918 4515 1097 4596 gnomonicas
1120 4532 1144 4580 L
1161 4531 1227 4580 sicut
1249 4539 1308 4580 ante
1332 4546 1401 4583 corr.
1420 4532 1449 4580 II
1472 4533 1562 4597 quise

413 4631 494 4693 ipsum
506 4630 638 4691 corriperis
655 4630 791 4692 scripsisse
809 4634 909 4681 videtur
926 4624 1120 4696 gnominrcas).
1139 4636 1167 4681 et
1178 4639 1238 4681 ante
1250 4647 1295 4697 gn.
1309 4635 1371 4683 add.
1384 4636 1426 4688 ed.
1447 4632 1532 4697 (rea).
1548 4631 1560 4698 ΙΙ

414 4715 447 4763 20
467 4713 501 4763 ab
522 4712 572 4763 GH
590 4712 634 4775 (L,
654 4712 688 4775 ab
709 4712 797 4777 G⁶H0,
817 4731 834 4765 a
852 4715 950 4781 Ppocs,
968 4732 1015 4767 om.
1034 4720 1051 4767 l.
1075 4712 1086 4781 ΙΙ
1108 4718 1142 4768 24
1158 4716 1304 4769 mediocris
1322 4720 1359 4768 Il.
