3784 5625
689 663 736 708 nn
759 659 1024 709 assumserunt
1048 661 1117 730 ms.
1141 662 1202 708 vn.
1454 646 1514 712 169

375 815 596 880 siderantibus
619 816 777 899 imagines
799 814 924 895 reddit,
948 816 995 877 sic
1016 815 1152 878 tectoria
1167 836 1249 899 quae
1264 836 1306 877 ex
1327 816 1417 878 tenui
1439 824 1531 879 sunt.

375 919 474 982 ducta
500 918 636 981 materia
663 927 740 982 non‘
755 914 851 980 modo
873 904 961 979 *fiunt
986 917 1122 996 rimosa,
1152 915 1216 980 sed
1243 917 1340 980 etiam
1368 915 1515 980 celeriter

375 1027 586 1083 evanesermt.
636 1008 718 1104 iprae
744 1027 853 1081 autem
880 1016 1016 1082 fundata
1043 1017 1262 1092 harenationis
1286 1027 1318 1080 et
1345 1020 1514 1082 marmoris

374 1119 542 1185 soliditate
575 1107 650 1184 suut
684 1118 900 1183 crassitudine
931 1120 1053 1205 spissa,
1088 1141 1161 1182 eum
1195 1130 1271 1184 sunt
1301 1119 1514 1205 politionibus

375 1222 501 1285 crebris
524 1222 668 1303 subacta,
691 1243 756 1285 non
771 1221 866 1285 modo
882 1229 958 1284 sunt
979 1222 1132 1302 nitentia,
1156 1220 1214 1283 sed
1236 1222 1334 1283 etiam
1356 1222 1515 1305 imagines
1533 1235 1549 1284 5

323 1343 356 1391 10
375 1346 549 1411 expressas
576 1323 811 1408 aspicientibus
841 1344 882 1385 ex
911 1344 948 1387 eo
975 1344 1072 1408 opere
1092 1324 1273 1385 remittunt.
1318 1321 1516 1387 Graecorum

376 1447 455 1489 vero
477 1433 616 1489 tectores
638 1446 704 1488 non
726 1423 830 1489 solum
852 1423 903 1487 his
925 1424 1107 1489 rationibus
1129 1422 1251 1488 utendo
1273 1422 1397 1487 faciunt
1419 1436 1517 1510 opera

376 1527 487 1607 firma,
511 1527 569 1590 sed
592 1528 689 1589 etiam
705 1526 858 1589 mortario
873 1523 1056 1606 conlocato,
1080 1510 1214 1588 calceet
1235 1523 1357 1588 ha'rena
1372 1525 1419 1589 ibi
1441 1547 1515 1590 con-

376 1628 461 1709 fusa,
485 1625 617 1691 decuria
638 1627 804 1692 hominum
819 1627 964 1708 inducta,
987 1625 1104 1710 ligneis
1119 1626 1268 1690 vectibus
1291 1628 1402 1713 pisunt
1416 1637 1515 1691 mate·

377 1731 479 1809 riam,
514 1738 546 1792 et
572 1729 619 1791 ita
645 1727 688 1790 ad
721 1737 884 1791 certamen
911 1727 1047 1793 subacta
1078 1737 1156 1791 tune
1181 1736 1326 1792 utuntur.
1374 1730 1517 1815 itemque
1536 1743 1567 1791 10

378 1830 545 1896 veteribus
573 1829 754 1916 parietibus
781 1828 927 1898 nonnulli
954 1839 1078 1893 crustas
1109 1829 1298 1893 excidentes
1326 1852 1385 1915 pro
1406 1832 1516 1894 abacis

376 1939 530 2013 utuntur,
553 1932 688 2017 ipsaque
710 1931 847 1995 tectoria
867 1931 1042 2001 abacorum
1065 1941 1097 1995 et
1118 1930 1322 2017 speculorum
1345 1932 1515 1996 divisioni-

377 2034 439 2097 bus
462 2033 548 2096 circa
570 2054 605 2095 se
626 2032 844 2117 prominentes
866 2032 988 2097 habent
1009 2033 1244 2118 expressiones.

328 2152 357 2199 11
464 2132 523 2198 Sin
549 2142 658 2197 autem
685 2134 720 2195 in
748 2135 889 2198 craticiis
918 2135 1055 2200 tectoria
1083 2144 1177 2198 erunt
1203 2132 1369 2215 facienda,
1400 2135 1516 2220 quibus

378 2256 511 2299 necesse
533 2244 582 2299 est
608 2236 644 2298 in
664 2237 848 2300 arrectariis
871 2245 903 2299 et
930 2236 1173 2322 transuersariis
1199 2237 1298 2298 rimas
1326 2235 1397 2299 fieri
1404 2285 1413 2318 ‚
1442 2236 1516 2299 ideo
1535 2251 1567 2299 15

378 2335 466 2423 quod
493 2335 561 2401 luto
588 2356 662 2400 cum
690 2334 838 2399 linuntur
862 2337 1046 2401 necessario
1068 2336 1229 2421 recipiunt
1254 2358 1415 2419 umorem,
1443 2359 1516 2399 cum

378 2449 488 2502 autem
508 2440 665 2523 [arescunt
694 2439 862 2502 extenuati
889 2440 924 2502 in
950 2426 1095 2502 tectoriis
1122 2436 1247 2500 faciunt
1274 2438 1389 2520 rimas,
1418 2437 1454 2500 id
1479 2446 1516 2500 ut

377 2562 444 2604 non
471 2539 528 2603 fiat
554 2539 718 2605 haeserit
745 2541 839 2605 ratio.
889 2561 962 2603 cum
988 2541 1097 2625 paries
1124 2548 1212 2603 totus
1240 2537 1308 2603 luto
1329 2539 1515 2624 inquinatus

378 2640 494 2722 fuerit,
523 2650 601 2705 tunc
627 2643 662 2705 in
685 2663 721 2740 oo
744 2663 841 2728 opere
863 2662 986 2705 cannae
1014 2639 1114 2706 clavis
1141 2641 1310 2703 muscariis
1339 2650 1516 2726 perpetuae

378 2741 536 2828 figantur,
561 2741 680 2806 deinde
700 2744 819 2807 iterum
841 2742 910 2807 luto
925 2742 1059 2806 inducto
1074 2743 1103 2805 si
1124 2743 1249 2829 priores
1270 2742 1516 2806 transversariis
1534 2758 1567 2806 ‘20

377 2843 614 2910 harundinibus
637 2845 723 2910 fixae
746 2855 837 2928 sunt,
861 2845 1022 2910 secundae
1038 2846 1152 2909 erectis
1175 2844 1316 2929 figantur
1330 2852 1363 2908 et
1384 2845 1445 2927 ita,
1468 2845 1517 2907 uti

378 2945 650 3032 suprascriptum
673 2955 737 3028 est,
750 2946 951 3010 harenatum
967 2956 999 3011 et
1020 2968 1162 3012 marmor
1176 2957 1208 3011 et
1230 2969 1323 3011 omne
1345 2947 1516 3010 tectorium

377 3047 560 3112 inducatur.
604 3049 651 3111 ita
672 3068 846 3110 cannarum
868 3047 992 3135 duplex
1018 3049 1052 3112 in
1073 3047 1252 3134 parietibus
1280 3047 1516 3112 harundinibus

377 3151 575 3212 transversis
602 3149 669 3213 fixa
701 3151 901 3236 perpetuitas
928 3171 989 3212 nec
1016 3150 1163 3234 segmina
1188 3170 1248 3212 nec
1273 3151 1390 3220 rimam
1416 3147 1516 3212 ullam

377 3249 449 3315 fieri
470 3252 637 3337 patietur„
1098 3324 1101 3329 ,
1533 3265 1566 3314 25

346 3369 359 3416 1
464 3350 595 3431 Quibus
610 3352 791 3417 rationibus
807 3355 902 3418 siccis
925 3353 1005 3418 locis
1027 3353 1164 3419 tectoria
1178 3361 1326 3440 oporteat
1347 3352 1418 3416 lieri
1432 3352 1515 3435 dixi,
1528 3365 1567 3415 IV

376 3474 463 3516 nunc
486 3452 757 3539 quemadmodum
783 3454 908 3519 umidis·
931 3454 1011 3520 locis
1038 3454 1210 3540 politiones
1239 3455 1454 3543 expediantur
1481 3464 1517 3520 ut

377 3574 566 3639 permanere
588 3556 714 3640 possint
736 3556 807 3619 sine
828 3556 931 3639 vitiis,
955 3578 1124 3642 exponam.
1169 3566 1201 3621 et
1228 3558 1368 3644 primum
1390 3557 1515 3622 concla·
1578 3600 1586 3610 ·

445 3778 460 3825 1
478 3775 570 3828 reddit
587 3779 641 3830 ed:
665 3777 759 3827 redd&
777 3779 806 3827 H
825 3776 915 3842 (Lei),
938 3777 1133 3840 1111111611).
1156 3774 1168 3843 ΙΙ
1191 3781 1343 3830 2111111111
1367 3782 1400 3832 6:
1423 3797 1469 3832 om.
1488 3783 1517 3830 H

378 3858 437 3923 (lde
456 3856 516 3924 [f]).
538 3856 550 3926 ΙΙ
572 3864 589 3909 4
606 3860 748 3912 soliditate
769 3863 820 3912 GH
837 3862 878 3924 (le,
898 3862 1036 3913 solidatae
1054 3860 1099 3924 L).
1121 3858 1133 3927 ΙΙ
1156 3862 1336 3926 politionibus
1356 3866 1378 3915 G
1395 3865 1452 3932 (10):
1471 3883 1517 3931 po·
1610 3904 1613 3912 ,

376 3942 529 3993 lutionibus
547 3943 594 4008 (sa
610 3944 813 4012 pollitionibus)
834 3948 866 3996 H
880 3944 980 4010 (cleu).
1001 3942 1012 4011 ΙΙ
1036 3948 1144 3996 dsunt:
1167 3947 1205 3995 aie
1230 3948 1281 3998 GH
1303 3946 1383 4011 (fiunt
1403 3949 1481 4013 loa).
1503 3941 1514 4015 ll

377 4029 393 4076 8
413 4026 552 4078 collocato
571 4029 622 4078 GH
639 4027 700 4094 (L):
717 4046 765 4103 ¹orn.
785 4034 815 4082 lc.
833 4028 876 4097 119
895 4032 989 4096 pisunt
1006 4046 1065 4095 epo:
1084 4031 1178 4096 pisant
1198 4030 1248 4079 GH
1261 4029 1341 4096 (Lle).
1359 4031 1371 4098 ΙΙ
1389 4035 1516 4085 10111111-

378 4126 427 4174 que
445 4126 506 4176 1911
524 4112 620 4177 itaque
640 4114 698 4164 GH.
723 4111 735 4180 Η
759 4116 790 4164 14
807 4115 938 4165 facienda
953 4115 1003 4165 GH
1021 4113 1095 4177 (Lei,
1113 4111 1369 4181 11111111111117
1388 4124 1518 4169 arescunt

376 4196 446 4247 doc:
466 4200 596 4246 arescent
609 4196 668 4248 GH.
687 4193 700 4264 ss
719 4201 750 4248 21
769 4198 981 4248 harundinibus:
999 4201 1037 4248 sie
1055 4199 1085 4261 G,
1103 4195 1289 4263 harunldibus
1307 4200 1340 4248 Η
1354 4197 1398 4264 (L,
1416 4202 1516 4252 harun-

378 4280 488 4331 dinibus
506 4279 553 4346 lc)‚
576 4283 624 4331 red
639 4298 663 4336 u.
682 4285 719 4333 23
737 4281 937 4332 harundinibus
954 4290 1060 4348 uterque
1082 4282 1234 4344 (ordinibus
1252 4282 1385 4349 utrobique
1402 4286 1481 4349 doc).
1502 4282 1514 4352 ll

378 4365 464 4414 11111
481 4366 524 4414 uti
543 4365 576 4415 G:
596 4366 682 4416 etuti
700 4368 728 4416 H
746 4366 824 4430 (Llc).
848 4363 860 4432 ΙΙ
883 4369 916 4416 14
933 4367 1058 4430 segmina
1075 4366 1144 4419 dou:
1163 4367 1282 4415 tecmina
1301 4367 1329 4425 (ι’,
1348 4370 1470 4432 tegmina
1489 4371 1517 4418 H

379 4446 458 4512 (Lle).
481 4445 494 4514 ΙΙ
521 4450 554 4499 26
572 4456 634 4514 post
655 4451 779 4515 patietur
801 4453 827 4500 in
849 4453 929 4514 ipsum
951 4449 1012 4501 utri
1034 4451 1055 4500 G
1076 4456 1173 4500 textum
1195 4453 1292 4500 imerta
1314 4454 1429 4516 leguntur
1452 4469 1516 4517 quac

377 4533 496 4583 rubricae
513 4535 572 4582 olim
587 4533 693 4596 fuerant
709 4535 787 4585 uerba
797 4535 871 4585 haec:
891 4532 1031 4595 Quomodo
1043 4535 1162 4584 tectoria
1179 4536 1208 4584 in
1224 4534 1343 4584 humidis
1355 4534 1424 4585 locis
1440 4534 1515 4589 fiant.

378 4613 498 4680 (Quibus
516 4618 673 4668 rationibus
690 4617 761 4681 eta).
795 4634 827 4668 ea
844 4619 933 4668 absum
951 4617 983 4668 ab
1000 4618 1030 4667 H
1047 4615 1125 4682 (Lle).
1149 4615 1162 4685 ΙΙ
1184 4621 1216 4669 27
1234 4617 1383 4684 politiones
1407 4618 1440 4668 6:
1468 4634 1515 4684 po·

378 4700 498 4753 lutiones
515 4702 545 4750 H
563 4702 622 4764 (Llo
640 4709 666 4752 et
682 4708 741 4752 ante
759 4718 827 4753 corr.
844 4702 879 4766 lt).
915 4703 951 4760 ef.
969 4717 1050 4768 supra
1065 4719 1088 4753 v.
1107 4705 1132 4752 4.
