3784 5625
432 692 473 756 88
797 706 799 710 ·
920 700 1079 747 virnuvu

430 860 687 947 symmetriarum
717 877 777 919 nec
805 853 1028 918 columnarum
1055 873 1157 937 genus
1191 850 1281 914 aliud
1308 852 1476 915 nominare
1504 874 1575 937 pos·

430 984 557 1043 sumus,
590 957 648 1022 sed
682 958 826 1043 ipsorum
862 953 1022 1019 vocabula
1054 952 1205 1017 traducta
1240 961 1272 1016 et
1305 961 1503 1017 commutata
1535 976 1577 1016 ex

430 1062 599 1129 corinthiis
628 1068 659 1122 et
687 1058 865 1145 pulvinatis
888 1066 920 1120 et
944 1056 1064 1128 doricis
1087 1054 1254 1136 videmus,
1278 1077 1415 1140 quorum
1437 1076 1576 1142 symme-

338 1230 340 1234 ,
430 1167 513 1229 triae
535 1171 610 1226 sunt
636 1163 670 1225 in
698 1182 856 1223 novarum
883 1156 1119 1245 scalpturarum
1147 1154 1322 1220 translatae
1350 1156 1576 1221 subtilitatem.

391 1280 419 1330 ΙΙ
516 1264 681 1345 Quoniam
707 1271 815 1324 autem
843 1260 884 1324 de
911 1258 1086 1344 generibus
1120 1256 1342 1321 columnarum
1375 1259 1518 1343 origines
1546 1268 1608 1321 etl

397 1367 637 1432 sinuentiones
666 1385 764 1449 supra
790 1371 866 1425 sunt
893 1362 1051 1447 scriptae,
1080 1381 1147 1427 non
1172 1359 1315 1424 alienum
1344 1359 1424 1423 mihi
1447 1360 1578 1424 videtur

432 1468 536 1532 isdem
564 1464 745 1529 rationibus
774 1463 815 1526 de
843 1463 1041 1526 ornamentis
1070 1483 1181 1525 eorum
1208 1460 1482 1547 quemadmodum
1504 1473 1578 1525 sunt

432 1577 593 1655 prognata
620 1575 652 1629 et
681 1563 798 1650 quibus
829 1565 1000 1651 principiis
1028 1573 1060 1627 et
1089 1562 1271 1647 originibus
1298 1564 1434 1627 inventa
1458 1563 1577 1628 dicere.

432 1672 467 1733 in
501 1667 659 1732 aedificiis
692 1665 842 1730 omnibus
875 1667 1008 1753 insuper
1040 1664 1227 1729 conlocatur
1260 1666 1444 1730 materiatio
1478 1666 1577 1729 variis

387 1788 418 1835 10
439 1767 606 1836 vocabulis
629 1768 805 1833 nominata.
851 1790 888 1830 ea
909 1776 1019 1832 autem
1041 1768 1089 1830 uti
1111 1768 1146 1829 in
1167 1767 1454 1849 nominationibus,
1477 1768 1579 1831 ita‘in

433 1895 468 1936 re
497 1872 603 1934 varias
633 1870 731 1933 habet
758 1868 928 1936 utilitates.
973 1868 1082 1933 trabes
1111 1870 1198 1931 enim
1226 1890 1324 1955 supra
1350 1867 1516 1934 columnas
1548 1878 1579 1932 et

433 1974 645 2061 parastaticas
674 1980 705 2034 et
726 1980 819 2035 antas
841 1980 1022 2057 ponuntur,
1052 1972 1085 2034 in
1114 1970 1412 2054 contignationibus
1434 1970 1527 2055 tigna
1548 1980 1579 2033 et

433 2097 523 2138 axes.
568 2072 629 2137 sub
657 2074 768 2155 tectis,
798 2074 826 2136 si
853 2075 976 2137 maiora
1003 2073 1109 2159 spatia
1130 2081 1223 2154 sunt,
1257 2081 1289 2136 et
1310 2080 1452 2135 transtra
1474 2082 1507 2137 et
1528 2094 1578 2136 ca·

434 2175 553 2265 preoli,
588 2177 616 2238 si
644 2174 813 2239 commoda
819 2224 828 2257 7
864 2173 1013 2238 columen
1040 2182 1072 2237 et
1101 2173 1260 2237 cantherii
1292 2174 1511 2260 prominentes
1537 2173 1580 2238 ad

385 2295 416 2345 15
435 2287 614 2342 extremam
633 2274 955 2360 suggrundationem.
998 2298 1095 2362 supra
1110 2274 1292 2339 cantherios
1307 2274 1439 2363 templa,
1463 2274 1580 2339 deinde

435 2381 567 2466 insuper
589 2376 650 2445 sub
672 2376 798 2462 tegulas
821 2400 944 2441 asseres
968 2380 1015 2442 ita
1037 2378 1256 2465 prominentes
1283 2378 1332 2440 uti
1347 2379 1487 2463 parietes
1508 2400 1579 2466 pro·

435 2482 567 2545 iecturis
601 2502 712 2544 eorum
745 2489 906 2564 tegantur.
954 2482 1002 2565 ita
1028 2501 1241 2565 unaquaeque
1272 2501 1324 2542 res
1354 2489 1387 2543 et
1414 2478 1522 2545 loeum
1549 2489 1609 2545 eta

435 2605 537 2669 genus
572 2591 604 2645 et
637 2582 783 2646 ordinem
818 2584 985 2669 proprium
1018 2591 1136 2653 tuetur.
1187 2603 1204 2644 e
1233 2581 1350 2667 quibus
1377 2581 1476 2645 rebus
1505 2592 1536 2646 et
1562 2605 1581 2645 a

435 2684 645 2747 materiatura
666 2680 778 2746 fabrili
800 2684 835 2745 in
856 2682 994 2769 lapideis
1018 2693 1050 2747 et
1069 2683 1258 2746 marmoreis
1273 2683 1403 2747 aedium
1419 2705 1582 2748 sacrarum

385 2802 418 2850 20
436 2783 720 2849 aedificationibus
747 2783 888 2847 artifices
916 2785 1145 2872 dispositiones
1173 2807 1284 2850 eorum
1312 2784 1485 2873 scalpturis
1508 2794 1582 2850 sunt

437 2887 559 2950 imitati
588 2895 620 2949 et
649 2907 701 2947 eas
735 2886 940 2950 inventiones
976 2885 1215 2974 persequendas
1249 2897 1459 2975 putaverunt.
1509 2888 1581 2952 ideo

438 2985 525 3072 quod
547 2987 674 3072 antiqui
696 2985 783 3050 fabri
811 2988 952 3072 quodam
974 2989 1008 3051 in
1030 2988 1100 3052 loco
1122 2988 1348 3072 aedificantes,
1378 3011 1451 3052 eum
1473 2992 1520 3055 ita
1541 2991 1581 3054 ab

437 3087 647 3152 interioribus
669 3088 848 3173 parietibus
871 3088 913 3152 ad
937 3099 1098 3154 extremas
1121 3101 1230 3178 partes
1253 3092 1344 3176 tigna
1365 3093 1584 3179 prominentia

437 3190 627 3254 habuissent
650 3189 828 3273 conlocata,
851 3192 936 3254 inter
959 3192 1051 3276 tigna
1066 3200 1256 3257 struxerunt
1271 3215 1433 3280 supraque
1448 3216 1582 3266 coronas

387 3307 420 3357 25
438 3302 470 3357 et
491 3293 624 3376 fastigia
638 3287 833 3357 '‘venustiore
860 3294 968 3381 specie
996 3293 1169 3358 fabrilibus
1194 3294 1351 3382 operibus
1374 3306 1582 3378 ornaverunt,

437 3402 507 3456 tum
529 3393 728 3479 proiecturas
750 3394 916 3478 tignorum
944 3404 1102 3480 quantum
1131 3394 1318 3461 eminebant
1344 3396 1386 3459 ad
1409 3395 1530 3461 lineam
1552 3407 1584 3461 et

438 3491 704 3580 perpendiculum
725 3495 882 3580 parietum
907 3508 1169 3582 praesecuerunt,
1192 3520 1275 3583 quae
1298 3499 1422 3585 species
1445 3521 1520 3562 cum
1535 3501 1581 3562 in-

438 3602 576 3657 venusta
607 3596 635 3656 is
664 3595 736 3657 visa
763 3606 847 3660 esset
873 3596 1010 3661 tabellas
1039 3599 1085 3662 ita
1118 3599 1272 3663 formatas
1305 3601 1355 3664 uti
1386 3622 1474 3664 nunc
1502 3600 1583 3666 fiunt

438 3694 597 3782 triglyphi
625 3706 736 3760 contra
764 3699 928 3783 tignorum
955 3701 1172 3786 praecisiones
1201 3701 1236 3763 in
1258 3700 1365 3766 fronte
1386 3700 1531 3767 fixerunt
1552 3713 1583 3766 et

388 3814 421 3861 30
439 3819 493 3866 ¹eas
516 3819 589 3860 cera
611 3797 758 3862 caerulea
773 3800 994 3887 depinxerunt
1015 3811 1051 3866 ut
1066 3803 1283 3889 praecisiones
1298 3805 1464 3888 tignorum
1478 3814 1583 3870 tectae

438 3922 504 3963 non
530 3898 730 3964 offenderent
756 3902 885 3965 visum:
919 3904 966 3967 ita
987 3904 1184 3976 ¹divisiones,
1199 3905 1366 3989 tignorum
1393 3914 1500 3970 tectae
1527 3907 1582 3970 tri·

507 4114 649 4165 3doracis
670 4115 698 4165 G.
728 4111 739 4180 ll
768 4118 799 4165 11
821 4132 851 4166 re
875 4117 945 4168 Jon:
974 4133 1018 4167 res
1044 4119 1102 4172 GH.
1127 4115 1139 4186 ΙΙ
1168 4123 1262 4170 trauca
1284 4127 1344 4170 ante
1361 4135 1431 4173 corr.
1449 4121 1488 4174 H.
1511 4118 1522 4188 ΙΙ
1552 4123 1582 4172 13

439 4199 532 4263 spatia
550 4203 614 4248 sunt
633 4204 661 4250 et
674 4203 808 4253 transtra:
827 4202 864 4250 sie
879 4200 936 4251 GH.
960 4203 986 4250 in
998 4204 1072 4252 codd.
1091 4202 1147 4269 (qui
1157 4219 1193 4253 ex
1207 4202 1240 4264 G)
1258 4221 1310 4256 rec.
1320 4211 1381 4268 post
1394 4209 1459 4254 sunt
1478 4207 1582 4271 irrepsit

432 4279 525 4346 'plasea
546 4286 582 4332 ad
602 4300 656 4334 voc.
676 4284 803 4334 columen
822 4284 853 4347 (υ.
875 4286 926 4344 14).
954 4282 966 4351 ΙΙ
995 4287 1118 4353 capreoli
1137 4288 1158 4337 G
1177 4287 1279 4351 (-eoli
1298 4289 1357 4350 G⁶):
1382 4289 1537 4353 capraeolis
1554 4290 1585 4338 H

441 4363 589 4431 (capreolis
607 4369 646 4431 ch,
666 4368 806 4433 capraeoli
824 4367 870 4433 L).
893 4364 905 4434 ΙΙ
930 4371 962 4418 14
981 4373 1057 4421 como
1073 4371 1078 4436 Ι
1094 4372 1219 4423 columen
1241 4379 1302 4424 ante
1323 4389 1393 4425 corr.
1413 4373 1435 4423 G
1457 4373 1504 4436 (da
1524 4380 1584 4439 post

441 4496 516 4544 como
534 4499 617 4558 suppl.
640 4492 693 4558 Gc).
706 4491 717 4560 ll
731 4497 761 4544 16
780 4484 943 4560 subtegulas
961 4512 1037 4548 seres
1049 4506 1108 4549 ante
1126 4515 1195 4554 corr.
1211 4501 1239 4552 G.
1253 4495 1264 4566 ΙΙ
1277 4454 1386 4550 allilia
1405 4501 1429 4549 L
1448 4499 1494 4565 (cf.
1510 4501 1586 4566 Graff

440 4577 481 4638 Il,
502 4578 571 4641 494).
596 4575 607 4645 ll
628 4578 793 4644 proiecturis
816 4580 862 4641 (G⁶
880 4588 906 4630 et
926 4583 941 4631 lz
965 4599 1018 4633 cum
1040 4583 1119 4648 rec.):
1147 4584 1315 4650 protecturis
1337 4585 1370 4633 H
1390 4583 1450 4649 (Le)
1477 4593 1504 4636 et
1525 4594 1582 4636 ante

440 4676 508 4711 corr.
524 4660 552 4712 G.
568 4658 580 4729 ll
597 4664 629 4712 26
641 4663 799 4727 proiectura
809 4661 811 4729 l
820 4664 1014 4728 stignorumH
1026 4669 1046 4730 (l
1056 4676 1081 4719 et
1091 4676 1150 4719 ante
1160 4685 1229 4719 corr.
1241 4667 1275 4732 c).
1291 4664 1303 4735 ΙΙ
1320 4673 1347 4718 et
1357 4669 1582 4735 perpendiculum

444 4744 485 4793 H:
506 4745 736 4817 adppendiculum
755 4749 777 4798 G
796 4746 927 4815 (badpp.
945 4756 1030 4817 suppl.
1050 4754 1103 4818 Gss).
1127 4750 1139 4819 ΙΙ
1162 4755 1195 4804 28
1213 4755 1249 4802 is:
1267 4753 1312 4804 his
1331 4754 1385 4804 GH
1400 4753 1457 4819 (Le,
1477 4756 1502 4806 is
1519 4755 1548 4820 1).
