3784 5625
432 611 470 674 16
720 603 725 611 ’
919 624 1077 671 vrrauvu

429 780 563 844 bulosus
600 802 666 842 non
703 780 877 864 pruinosus
916 775 1141 863 regionesque
1172 775 1253 839 caeli
1285 786 1436 862 spectans
1469 800 1578 864 neque

429 892 596 946 aestuosas
624 901 729 965 neque
757 880 896 964 frigidas
925 879 983 943 sed
1011 888 1223 964 temperatas,
1253 877 1371 941 deinde
1399 880 1427 943 si
1454 880 1577 943 vitabi-

428 993 481 1047 tur
501 982 656 1069 palustris
678 980 842 1044 vicinitas.
888 1002 962 1044 cum
984 981 1071 1042 enim
1092 1002 1190 1044 aurae
1212 981 1390 1044 matutinae
1412 1003 1485 1044 curn
1508 981 1578 1045 sole

431 1086 554 1148 oriente
581 1084 624 1147 ad
651 1082 808 1170 oppidum
836 1083 1029 1168 pervenient
1058 1091 1090 1144 et
1112 1081 1163 1145 his
1187 1092 1276 1145 ortae
1298 1081 1436 1146 nebulae
1458 1083 1576 1147 adiun-

401 1195 552 1270 5gentur
582 1187 780 1272 spiritusque
808 1184 987 1248 bestiarum
1009 1182 1202 1270 palustrium
1225 1192 1402 1248 venenatos
1426 1207 1499 1248 eum
1519 1207 1576 1248 ne-

428 1287 505 1351 bula
528 1289 648 1351 mixtos
672 1288 707 1350 in
729 1285 950 1350 habitatorum
974 1306 1110 1371 corpora
1131 1285 1211 1348 flatu
1234 1295 1407 1372 spargent,
1432 1285 1578 1349 efficient

428 1387 534 1455 locum
561 1387 779 1474 pestilentem.
833 1389 913 1450 item
948 1388 976 1450 si
1003 1386 1182 1450 secundum
1210 1408 1299 1450 mare
1327 1395 1421 1450 crunt
1447 1389 1577 1451 moenia

428 1490 685 1577 spectabuntque
713 1490 755 1554 ad
783 1489 954 1552 meridiem
982 1498 1038 1553 aut
1061 1488 1264 1552 accidentem
1285 1511 1350 1553 non
1373 1499 1467 1553 crunt
1489 1490 1576 1553 salu·-

428 1592 516 1674 bria,
546 1592 632 1677 quod
654 1613 713 1678 per
739 1600 896 1655 aestatem
924 1589 1049 1655 caelum
1077 1589 1294 1654 meridianum
1316 1589 1384 1654 sole
1407 1592 1578 1656 exoriente

379 1708 410 1755 10
429 1693 562 1757 calescit
596 1693 733 1757 meridie
766 1692 876 1775 ardet,
910 1693 990 1756 item
1018 1691 1106 1777 quod
1139 1701 1265 1778 spectat
1296 1692 1338 1754 ad
1373 1691 1577 1756 occidentem

428 1795 495 1859 sole
528 1805 640 1860 exmto
674 1795 812 1881 tepescit
844 1795 982 1857 meridie
1015 1793 1099 1856 calet
1132 1780 1268 1879 vespere
1300 1794 1418 1857 fervet.
1473 1795 1613 1878 igitura

427 1896 662 1960 mutationibus
690 1895 806 1960 caloris
835 1904 867 1958 et
892 1894 1153 1980 refrigerationis
1182 1917 1317 1982 corpora
1345 1917 1427 1981 quae
1459 1897 1495 1959 in
1522 1896 1576 1960 his

428 1999 508 2063 locis
536 2006 612 2063 sunt
634 1997 848 2062 vitiabuntur.
878 1997 940 2062 hoc
961 2005 1071 2060 autern
1093 1996 1171 2060 licet·
1191 1983 1452 2086 animadvertero
1475 1999 1578 2061 etiam

429 2123 471 2163 ex
486 2101 514 2162 is
537 2121 619 2184 quae
641 2122 705 2164 non
720 2108 795 2163 sunt
816 2097 981 2162 animalia.
1025 2099 1060 2161 in
1082 2097 1171 2162 cellis
1200 2101 1286 2162 enim
1314 2100 1450 2163 vinariis
1478 2102 1606 2194 tectis,
1683 2109 1686 2117 '

381 2216 411 2265 15
429 2201 552 2266 lumina
566 2223 660 2265 nemo
676 2203 763 2288 capit
784 2223 804 2263 a
826 2200 963 2264 meridie
984 2222 1045 2263 nec
1066 2200 1108 2262 ab
1131 2199 1301 2264 occidente
1322 2200 1382 2270 sed
1397 2224 1423 2298 a
1445 2212 1577 2289 septen-

428 2305 550 2387 trione,
580 2303 667 2389 quod
694 2325 731 2366 ca
760 2303 850 2386 regio
880 2301 968 2367 nullo
990 2312 1136 2389 ternpore
1157 2303 1353 2367 mutationes
1376 2305 1492 2389 recipit
1515 2305 1578 2367 sed

430 2415 478 2468 est
505 2406 598 2469 firma
625 2415 782 2492 perpetuo
812 2414 844 2468 et
871 2403 1084 2469 inmutabilis.
1135 2402 1209 2467 ideo
1238 2405 1335 2467 etiam
1364 2427 1402 2468 ea
1423 2408 1579 2489 granaria

429 2529 511 2595 quae
538 2508 581 2570 ad
610 2505 687 2580 solis
711 2528 839 2570 cursum
861 2516 1010 2593 spectant
1032 2506 1211 2569 bonitatem
1234 2505 1298 2570 cito
1320 2515 1457 2587 mutant,
1480 2507 1578 2570 obso-

415 2611 547 2694 niaque
574 2618 606 2672 et
633 2630 729 2695 poma
759 2629 840 2694 quae
867 2622 933 2672 non
959 2610 995 2672 in
1024 2629 1061 2671 ea
1088 2617 1180 2694 parte
1202 2606 1282 2669 caeli
1304 2617 1470 2694 ponuntur
1491 2631 1578 2694 quae

379 2725 412 2772 20
432 2719 481 2774 est
513 2731 628 2772 aversa
655 2732 674 2772 a
697 2709 774 2774 solis
803 2732 914 2791 cursu,
949 2732 1014 2774 non
1040 2708 1098 2771 diu
1120 2718 1302 2772 servantur.
1346 2732 1422 2772 nam
1444 2731 1615 2797 semper3

430 2811 517 2876 calor
539 2834 612 2875 cum
635 2811 788 2897 excoquit
811 2834 828 2874 e
850 2810 948 2875 rebus
970 2810 1156 2875 firmitatem
1180 2821 1211 2875 et
1234 2811 1410 2898 vaporibus
1434 2811 1577 2877 fervidis

388 2918 397 2924 ‘
430 2914 527 3000 eripit
556 2914 728 2999 exugendo
755 2912 918 2979 naturales
947 2914 1103 2995 virtutes,
1132 2914 1284 2977 dissolvit
1312 2936 1365 2977 cas
1389 2925 1421 2978 et
1442 2915 1577 2979 fervore

428 3014 654 3080 mollescentes
678 3014 779 3079 efficit
801 3013 981 3079 inbecillas.
1024 3023 1061 3078 ut
1083 3016 1180 3078 etiam
1202 3015 1343 3079 inferro
1365 3017 1575 3080 animadver-

427 3119 543 3201 timus,
577 3118 664 3204 quod
697 3117 846 3204 quamvis
875 3126 991 3180 natura
1018 3118 1062 3180 sit
1088 3115 1222 3199 durum,
1254 3118 1289 3180 in
1317 3106 1503 3182 fornacibus
1529 3120 1575 3184 ab

377 3220 514 3305 teignis
543 3242 663 3306 vapore
691 3218 943 3307 percalefactum
971 3220 1018 3281 ita
1044 3218 1205 3282 mollescit
1226 3221 1274 3282 uti
1297 3221 1331 3282 in
1353 3242 1447 3284 omne
1468 3242 1575 3305 genus

428 3322 551 3385 formae
578 3322 719 3386 faciliter
745 3322 939 3401 fabricetur,
970 3329 1001 3383 et
1028 3320 1115 3384 idem
1145 3342 1217 3383 cum
1244 3320 1340 3384 molle
1369 3332 1401 3386 et
1428 3323 1575 3388 candens

427 3424 660 3509 refrigeretur,
683 3426 820 3488 tinctum
842 3421 965 3507 frigida
986 3423 1168 3485 redurescit
1195 3431 1227 3485 et
1247 3424 1432 3487 restituitur
1458 3426 1493 3486 in
1514 3447 1571 3486 an-

427 3526 552 3611 tiquam
574 3524 817 3611 proprietatem,
855 3522 943 3587 'lieet
972 3525 1070 3587 etiam
1098 3525 1304 3588 considerare
1331 3525 1411 3588 haec
1432 3526 1478 3588 ita
1500 3544 1612 3591 esse4

429 3647 471 3689 ex
505 3649 542 3691 eo
575 3627 662 3712 quod
694 3635 817 3689 aestate
853 3649 917 3690 non
951 3624 1054 3690 solum
1087 3627 1122 3688 in
1149 3626 1376 3713 pestilentibus
1405 3626 1484 3691 locis
1513 3629 1581 3691 sed

379 3745 410 3792 30
429 3730 526 3791 etiam
554 3729 590 3790 in
617 3726 801 3791 salubribus
825 3730 932 3791 omnia
954 3749 1089 3814 corpora
1112 3728 1218 3792 calore
1239 3729 1320 3792 fiant
1341 3727 1509 3810 inbecilla,
1539 3739 1573 3793 et

496 3972 511 4018 2
530 3969 646 4043 frigides
669 3975 729 4019 ante
746 3984 816 4020 corr.
837 3940 874 4035 (d)
895 3972 929 4018 H.
943 3966 955 4036 Η
967 3969 990 4019 si
1008 3971 1079 4020 doc:
1096 3972 1134 4019 eie
1154 3970 1212 4020 GH.
1236 3968 1248 4036 Η
1270 3969 1415 4036 3palustri
1428 3976 1487 4019 uate
1499 3986 1569 4020 corr.
1632 3978 1638 3990 '

429 4087 603 4155 (peloride)
624 4089 653 4138 G.
677 4085 689 4154 Η
711 4088 908 4154 5planstrium
932 4096 991 4138 uate
1014 4105 1082 4139 corr.
1106 4091 1142 4138 H.
1162 4086 1173 4154 Η
1189 4089 1334 4139 venenatis
1356 4095 1415 4137 ante
1437 4104 1504 4138 corr.
1528 4055 1570 4152 (i)

428 4174 464 4222 H.
486 4169 498 4237 Η
520 4174 535 4221 6
554 4173 635 4223 flatu:
657 4175 695 4223 sie
715 4174 767 4223 GH
778 4171 820 4235 (Ic,
844 4172 925 4222 flatus
943 4173 988 4237 L).
1013 4170 1025 4241 Η
1053 4177 1068 4224 9
1088 4174 1171 4239 qnod:
1196 4173 1261 4238 quia
1281 4173 1309 4222 6.
1336 4169 1347 4238 Η
1372 4175 1403 4222 12
1422 4174 1570 4237 refrIgera-

427 4256 511 4304 tionis
531 4257 581 4305 GH
599 4258 643 4320 (L,
662 4259 777 4308 -nibus
795 4257 837 4323 Ic).
862 4254 874 4323 Η
898 4259 930 4306 14
948 4258 972 4306 is
992 4257 1037 4320 (iis
1054 4259 1135 4322 dori:
1160 4259 1203 4308 his
1223 4259 1280 4308 GH.
1302 4255 1314 4323 Η
1339 4261 1370 4308 15
1389 4258 1493 4308 amedie
1510 4265 1570 4307 ante

427 4356 496 4390 corr.
520 4341 556 4391 H.
584 4337 596 4404 Η
620 4344 651 4391 16
675 4343 836 4392 mutationis
858 4348 918 4391 ante
941 4359 1010 4396 corr.
1029 4345 1066 4396 H.
1092 4341 1104 4410 Η
1132 4346 1163 4393 17
1187 4343 1270 4391 etiam
1289 4357 1322 4392 ea
1345 4358 1404 4407 epo:
1433 4345 1517 4393 etiam
1542 4346 1571 4391 et

429 4421 519 4486 (duam
537 4423 559 4474 ἃ
580 4425 618 4488 H)
638 4426 697 4475 GH.
722 4423 734 4492 Η
757 4430 788 4477 21
808 4444 822 4477 e
842 4427 922 4477 rebus
942 4427 970 4491 (a
989 4429 1071 4479 rebus
1089 4421 1182 4489 Phil.):
1201 4428 1312 4476 aenbus
1331 4425 1391 4492 (pro
1410 4428 1570 4478 aciebus:

429 4508 556 4574 erebus)
577 4510 635 4559 GH.
652 4505 665 4575 Η
681 4510 804 4561 fervidus
822 4519 881 4562 unte
899 4529 953 4563 ras.
975 4514 1004 4563 (ι’,
1025 4510 1037 4579 Η
1060 4515 1092 4562 22
1112 4511 1270 4576 exsugendo
1287 4520 1346 4561 ante
1364 4531 1434 4566 corr.
1454 4514 1483 4576 G,
1504 4528 1568 4561 exu-

429 4593 518 4658 gendo
536 4595 566 4643 H
578 4593 656 4658 (nere,
676 4596 811 4646 exurendo
831 4597 876 4661 L).
898 4593 909 4662 Η
932 4598 966 4646 25
984 4599 1026 4646 uti
1043 4597 1085 4645 in:
1104 4598 1142 4644 sie
1161 4596 1218 4647 GH.
1237 4592 1249 4661 Η
1266 4599 1339 4646 omni
1358 4596 1424 4663 Hll
1445 4599 1477 4647 27
1489 4596 1568 4647 redu·

429 4679 513 4728 rescit
530 4679 599 4754 ‹loa-2
620 4684 700 4728 -cat
720 4680 778 4730 GH.
799 4678 811 4747 Η
831 4682 987 4730 restituitur
1003 4683 1074 4732 Jocz
1094 4683 1221 4729 —tuatur
1241 4682 1299 4730 GH.
