3784 5625
260 1642 286 1684 ll.
303 1640 332 1679 De
345 1652 395 1678 ven·

316 1699 350 1731 us.

272 1779 329 1818 vin.
343 1780 362 1825 1,
375 1779 395 1817 6.

411 649 475 713 288
591 666 640 712 nn
662 666 823 715 nrvrmrs
846 666 1008 714 rannrcrs
1030 666 1369 715 sacmrscromcaa.

411 836 578 902 ποσοτητα
601 828 730 882 vocant.
772 791 938 905 quantitas
962 830 1010 883 est
1033 818 1148 884 modus
1171 818 1373 903 singulorum
1394 820 1554 885 membro-

409 943 482 984 rum
513 923 669 984 universo
701 918 901 1006 respondens
928 921 1030 1006 operi.
1073 918 1247 1004 dispositio
1274 930 1325 982 est
1351 930 1430 1005 apta
1456 922 1554 985 rebus

411 1020 616 1085 conclavium
642 1022 821 1103 institutio,
850 1031 883 1083 et
910 1023 1017 1106 operis
1045 1020 1148 1083 futuri
1174 1023 1278 1110 forma
1306 1020 1413 1084 trihus
1440 1022 1554 1107 figuris

410 1123 530 1204 divisa,
553 1145 637 1208 quae
658 1144 678 1184 a
700 1121 835 1185 Graecis
858 1123 932 1185 ιδεα
954 1120 1147 1207 appellatur.
1185 1122 1265 1184 haec
1287 1132 1364 1185 sunt
1386 1145 1466 1207 ergo
1487 1135 1553 1187 tres

409 1223 544 1307 figurae,
568 1222 812 1308 ichnographia,
835 1222 1077 1309 orthographia,
1099 1222 1345 1307 scenographia.
1381 1223 1583 1309 ichnogra-5

409 1324 487 1409 phia
509 1335 558 1387 est
581 1346 676 1387 areae
698 1322 751 1386 vel
774 1322 834 1386 soli
857 1333 891 1386 et
911 1323 1197 1386 fundamentorum
1218 1322 1408 1408 descriptio.
1447 1327 1553 1391 ortho-

407 1424 548 1511 graphia
578 1435 627 1488 est
654 1424 793 1488 laterum
822 1436 854 1488 et
880 1424 1066 1489 altitudinis
1095 1425 1268 1488 extructio.
1318 1429 1554 1514 scenographia

411 1535 461 1589 est
481 1525 599 1590 frontis
622 1537 654 1590 et
675 1527 776 1590 totius
798 1527 906 1611 operis
927 1549 987 1611 per
1007 1526 1169 1611 picturam
1190 1526 1345 1590 ostensio.

494 1627 618 1691 Ferunt
644 1628 777 1713 quidam
798 1626 1064 1713 philosophorum
1086 1626 1327 1691 Eratosthenen
1348 1629 1553 1694 mathemati-

410 1731 457 1792 cis
479 1727 668 1793 rationibus
683 1739 716 1791 et
737 1731 942 1812 geometricis
965 1728 1129 1811 methodis
1155 1728 1386 1814 aequinoctiali
1408 1740 1553 1818 tempore
1569 1749 1595 1793 10

410 1853 469 1917 per
494 1832 704 1913 gnomonicas
731 1830 863 1893 umbras
885 1830 974 1893 orbis
995 1840 1103 1893 terrae
1124 1830 1232 1915 spatia
1254 1852 1326 1893 esse
1347 1833 1498 1895 metitum
1523 1844 1552 1897 et

411 1933 459 1995 sic
485 1941 590 1995 certos
617 1941 788 1995 ventorum
815 1930 972 1994 didicisse
998 1930 1106 1994 flatus.
1149 1942 1261 1994 tenere
1288 1953 1366 2016 ergo
1394 1936 1570 2012 orientem-

413 2031 683 2119 aequinoctialem
704 2031 953 2113 <subsolanum,
976 2032 1147 2094 meridiem
1168 2042 1326 2113 austrum,
1349 2035 1552 2099 occidentem

411 2132 703 2221 aequinoctialem>
741 2132 926 2215 favonium,
966 2136 1248 2219 (septentriones)
1286 2137 1550 2220 septentrionem.

414 2238 500 2300 inter
527 2246 652 2300 ceteros
682 2244 792 2298 tamen
819 2234 1028 2298 Andronicus
1049 2235 1220 2321 Cyrrestes
1249 2257 1323 2297 cum
1350 2247 1426 2300 octo
1448 2239 1552 2301 ventis
1568 2255 1594 2301 15

410 2338 522 2402 orbem
543 2347 650 2401 terrae
670 2338 741 2421 regi
763 2336 1006 2417 adseverasset,
1036 2336 1179 2423 exempli
1202 2358 1299 2400 causa
1320 2337 1464 2402 Athenis
1487 2349 1551 2401 tur-

408 2441 472 2502 rim
498 2460 710 2502 marmoream
737 2448 930 2522 octagonam
957 2438 1114 2518 instituit,
1143 2440 1263 2523 inqua
1290 2440 1452 2523 imagines
1474 2462 1552 2503 ven-

409 2551 516 2605 torum
538 2539 682 2626 sculptas
705 2550 817 2604 contra
838 2561 913 2603 suos
936 2540 1093 2624 cuiusque
1114 2539 1211 2603 flatus
1234 2540 1417 2621 ordinavit,
1440 2564 1551 2627 supra-

410 2666 472 2728 que
504 2643 610 2729 ipsam
642 2644 759 2705 turrim
789 2652 910 2705 metam
942 2663 1156 2705 marmoream
1185 2643 1296 2728 posuit
1323 2651 1357 2704 et
1382 2642 1551 2708 Tritonem

411 2766 548 2807 aeneum
570 2742 753 2806 conlocavit
779 2753 813 2806 et
837 2744 885 2807 ita
907 2754 957 2808 est
984 2741 1169 2808 modulatus
1196 2753 1234 2807 ut
1255 2765 1330 2807 cum
1351 2753 1472 2808 ventus
1494 2744 1552 2809 ali-
1569 2762 1599 2809 2ο

411 2848 483 2932 quis
505 2845 706 2929 adspirasset
727 2845 867 2930 quodam
888 2857 1051 2910 momento
1073 2848 1107 2908 in
1128 2869 1211 2931 gyro
1232 2857 1386 2931 ageretur
1406 2858 1439 2911 et
1454 2871 1554 2935 supra

411 2958 509 3033 caput
535 2948 604 3009 eius
633 2947 801 3010 resisteret
823 2957 856 3011 et
878 2947 1016 3011 dextera
1037 2969 1135 3010 manu
1156 2949 1285 3032 virgam
1306 2959 1421 3013 tenens
1446 2951 1553 3036 ipsum

409 3071 482 3114 esse
514 3047 646 3112 flantem
678 3058 882 3112 monstraret.
926 3050 1037 3134 itaque
1071 3070 1142 3111 esse
1168 3051 1255 3112 inter
1280 3049 1493 3113 subsolanum
1522 3064 1554 3114 et

409 3161 555 3216 austrum
588 3151 632 3214 ad
665 3151 824 3214 orientem
855 3149 1030 3213 hibernum
1058 3172 1187 3230 eurum,
1220 3151 1308 3213 inter
1338 3162 1489 3214 austrum
1521 3163 1554 3216 et

409 3253 577 3318 favonium
598 3252 641 3315 ad
664 3252 868 3317 occidentem
895 3251 1067 3314 hibernum
1094 3251 1248 3332 africum,
1276 3254 1361 3316 inter
1382 3251 1554 3318 favonium
1570 3270 1603 3318 at

410 3365 442 3419 et
463 3355 717 3442 septentrionem
732 3353 898 3437 chaurum,
921 3375 1019 3438 quem
1041 3353 1174 3438 quidam
1189 3375 1298 3417 corum
1313 3364 1444 3437 vocant,
1467 3356 1556 3419 inter

410 3457 664 3541 septentrionem
693 3465 726 3519 et
753 3454 964 3520 subsolanum
990 3455 1185 3541 aquilonem.
1228 3454 1290 3518 hoc
1316 3456 1413 3520 modo
1440 3466 1474 3520 et
1495 3480 1555 3522 no-

409 3558 498 3620 mina
520 3567 552 3620 et
573 3566 683 3643 partes
707 3566 739 3620 et
759 3579 911 3622 numeros
933 3565 1106 3622 ventorum
1126 3557 1211 3620 scire
1232 3567 1381 3642 coeptum
1396 3567 1460 3623 est.
1493 3559 1556 3624 sed

478 3783 634 3848 lposotita
656 3798 705 3846 opp
729 3781 820 3845 (seda
842 3785 868 3832 in
889 3799 971 3846 marp.
992 3781 1160 3844 uotorura).
1184 3777 1196 3847 ΙΙ
1222 3785 1239 3832 3
1261 3781 1338 3846 operi
1356 3798 1386 3846 p.
1408 3779 1421 3848 ΙΙ
1448 3787 1467 3834 4
1487 3783 1556 3837 idea

407 3885 469 3935 opp.
487 3865 500 3935 ΙΙ
522 3868 594 3918 haec
611 3884 639 3918 v:
666 3866 719 3917 hae
740 3883 785 3931 pq.
809 3865 821 3933 ΙΙ
844 3871 861 3918 5
882 3869 1060 3933 ortographia
1083 3866 1141 3931 (om.
1160 3866 1185 3930 v)
1207 3867 1234 3915 in
1255 3881 1333 3929 mara.
1356 3875 1391 3915 v0.
1418 3863 1432 3933 ΙΙ
1459 3870 1477 3918 6
1498 3868 1556 3921 soli
1624 3894 1625 3898 =

407 3965 482 4020 opffi:
504 3953 568 4004 solii
590 3959 649 4002 ante
666 3969 721 4003 ras.
738 3969 765 4017 q.
787 3948 800 4018 ΙΙ
822 3955 838 4002 9
860 3952 1029 4017 philosornm
1049 3970 1077 4017 p.
1100 3948 1112 4017 ΙΙ
1140 3951 1337 4001 eratosthenen
1358 3967 1406 4014 op,
1432 3956 1554 4005 -teneu

406 4056 431 4104 p.
454 4035 467 4105 ΙΙ
490 4040 523 4088 10
540 4037 686 4087 methodiis
707 4053 765 4102 opp.
787 4033 799 4102 ll
822 4037 852 4085 11
876 4037 1048 4102 gnominicas
1065 4054 1088 4088 o.
1116 4033 1129 4100 {l
1155 4037 1186 4085 12
1207 4043 1304 4085 tenere
1326 4051 1392 4101 ergo
1414 4037 1554 4088 orientem

409 4121 810 4187 aequinoctialemfavonium
824 4122 1058 4186 .septentrionem
1080 4136 1130 4185 opp
1151 4119 1211 4182 (sed
1225 4130 1255 4184 μ
1276 4121 1344 4168 iuter
1363 4121 1409 4169 liu.
1432 4123 1496 4172 add.
1519 4139 1555 4173 ea:

411 4208 527 4257 Vitruvio
549 4213 609 4256 ante
632 4206 774 4256 favonium
797 4207 871 4255 laec:
899 4204 1183 4259 solanum.ameridie
1206 4208 1327 4254 austrum
1343 4245 1350 4257 .
1366 4205 1554 4257 aboccidente

408 4291 590 4357 qquinoetiali
612 4298 638 4340 et
658 4297 718 4354 post
739 4291 881 4340 favonium
902 4292 979 4342 haec:
1008 4289 1258 4356 aseptentrionali).
1293 4305 1363 4339 corr.
1385 4289 1459 4342 Mar.
1483 4287 1497 4357 ΙΙ
1523 4294 1555 4341 15

408 4379 482 4426 inter
493 4381 601 4426 ceteros
611 4401 642 4410 —
654 4375 746 4425 orbem
758 4389 805 4426 om.
816 4390 845 4437 p.
863 4371 876 4440 Η
891 4374 1047 4440 androgeus
1060 4376 1116 4438 cyti
1124 4372 1277 4437 v)renensis
1288 4389 1320 4437 op
1331 4371 1413 4435 (corr.
1427 4374 1524 4439 Man).
1539 4377 1552 4441 Η

409 4463 440 4511 16
457 4461 553 4511 turrim
569 4471 612 4525 μοι
635 4465 737 4509 turrem
754 4475 804 4523 app
819 4458 865 4521 (ε
880 4461 948 4510 Vitr.
966 4477 993 4524 p.
1013 4463 1054 4519 25,
1073 4459 1110 4523 4).
1130 4455 1142 4525 ΙΙ
1166 4459 1196 4506 17
1215 4460 1380 4522 octagonam
1403 4474 1451 4522 op:
1476 4464 1555 4510 octo-

408 4561 507 4610 gonam
524 4556 576 4610 vcp.
599 4542 611 4611 ΙΙ
635 4548 666 4596 18
684 4561 733 4595 suo
752 4562 777 4608 p.
800 4542 813 4611 ss
836 4548 867 4595 19
885 4546 983 4594 turrim
998 4561 1034 4610 pp
1052 4543 1097 4608 (=
1118 4547 1185 4599 Vicr.
1202 4563 1230 4610 p.
1248 4549 1290 4607 25,
1309 4545 1350 4611 6):
1368 4552 1474 4598 turrem
1493 4569 1517 4601 v.
1539 4548 1552 4618 ll

407 4631 440 4679 20
457 4630 611 4680 modulatus
629 4649 652 4679 v.
677 4626 689 4696 ΙΙ
711 4633 744 4680 22
761 4631 842 4694 virga
858 4647 885 4694 p.
907 4626 920 4695 ΙΙ
942 4631 976 4680 26
995 4629 1138 4682 chaumm:
1155 4632 1194 4680 sic
1210 4647 1267 4695 opp.
1283 4627 1296 4697 ΙΙ
1316 4646 1409 4681 corum
1426 4644 1471 4699 9⁶:
1493 4651 1562 4687 cor·-
1600 4662 1602 4667 v

407 4727 469 4762 uum
487 4731 520 4778 op
538 4723 563 4764 et
580 4723 640 4764 ante
656 4730 710 4767 rae.
727 4730 753 4778 a.
