3784 5625
384 637 426 702 84
841 623 846 634 '
874 651 1032 699 rrrnuvn

354 823 365 869 Ι
418 806 423 816 ’
468 806 646 870 Columnae
666 805 846 876 corinthiae
866 816 996 891 praeter
1023 805 1166 892 capitula
1187 827 1298 869 omnes
1321 804 1527 893 symmetrias
1547 821 1558 866 1

383 908 505 971 habent
525 909 575 971 uti
602 908 744 991 ionicae,
773 906 832 971 sed
854 907 1070 994 capitulorum
1092 905 1282 970 altitudines
1305 906 1452 970 efficiunt
1474 929 1527 971 eas

383 1033 441 1096 pro
464 1020 535 1073 rata
557 1008 752 1073 excelsiores
776 1019 808 1072 et
829 1007 1035 1094 graciliores,
1059 1007 1146 1093 quod
1174 1010 1274 1072 ionici
1297 1007 1432 1095 capituli
1454 1008 1526 1073 alti-

382 1112 461 1176 tudo
489 1113 586 1175 tertia
613 1133 688 1197 pars
722 1120 771 1174 est
800 1110 1028 1174 crassitudinis
1061 1108 1245 1192 columnae,
1278 1111 1433 1175 corinthii
1460 1120 1528 1174 tota

349 1212 565 1277 ocrassitudo
594 1214 695 1298 scapi.
740 1213 843 1297 igitur
865 1212 952 1298 quod
975 1211 1059 1274 duae
1080 1222 1191 1297 partes
1214 1233 1231 1274 e
1254 1211 1472 1275 crassitudine
1493 1214 1526 1275 in

382 1314 554 1378 altitudine
582 1313 816 1377 corinthiorum
843 1313 1049 1394 adiciuntur,
1073 1312 1219 1377 efficiunt
1241 1312 1434 1387 excelsitate
1455 1334 1526 1399 spe-

383 1418 466 1479 ciem
500 1437 611 1477 earum
644 1413 859 1499 graciliorem.
909 1425 1017 1478 cetera
1043 1414 1190 1479 membra
1227 1437 1310 1500 quae
1342 1437 1442 1502 supra
1475 1431 1558 1480 coa

382 1517 508 1580 lumnas
546 1519 746 1602 inponuntur
789 1526 846 1579 aut
875 1538 893 1578 e
927 1515 1047 1579 doricis
1085 1516 1284 1604 symmetriis
1319 1525 1376 1579 aul
1413 1516 1526 1580 ionicis

382 1619 526 1683 moribus
549 1620 584 1681 in
605 1618 774 1681 corinthiis
798 1615 955 1681 columnis
984 1603 1209 1699 conlocantur,
1237 1617 1325 1703 quod
1347 1619 1455 1704 ipsum
1476 1639 1526 1680 co-

335 1741 365 1786 ro
381 1720 540 1784 rinthium
577 1741 679 1803 genus
713 1720 877 1806 propriam
914 1737 1104 1783 coronarum
1141 1717 1403 1806 reliquorumque
1435 1741 1526 1783 orna-

383 1831 564 1885 mentorum
578 1844 643 1885 non
658 1820 815 1884 habuerat
830 1822 1085 1901 institutionem,
1109 1820 1168 1884 sed
1182 1830 1239 1883 aut
1254 1842 1272 1883 e
1286 1819 1525 1907 triglyphorum

382 1923 563 1987 rationibus
595 1921 711 1985 mutuli
743 1923 778 1984 in
810 1923 937 1986 coronis
965 1930 997 1984 et
1023 1923 1058 1985 in
1085 1920 1248 2008 epistyliis
1275 1932 1389 2005 guttae
1417 1921 1525 1985 dorico

382 2047 471 2088 more
487 2024 718 2111 disponuntur,
741 2021 797 2087 aut
818 2045 860 2086 ex
882 2024 998 2087 ionicis
1020 2024 1179 2086 institutis
1203 2022 1365 2109 zophoroe
1387 2022 1525 2110 scalptu-

381 2129 427 2191 ris
444 2127 549 2190 ornati
572 2148 644 2189 cum
667 2124 841 2190 denticulis
865 2135 897 2188 et
918 2127 1044 2188 coronis
1068 2124 1319 2189 distribuuntur.
1363 2126 1409 2188 ita
1432 2147 1450 2187 c
1470 2144 1556 2209 ,gre-3

335 2247 365 2294 15
383 2230 516 2291 neribus
545 2227 671 2291 duobus
700 2225 842 2313 capitulo
871 2228 1064 2312 interposito
1098 2227 1230 2290 tertium
1257 2248 1361 2311 genus
1389 2227 1424 2289 in
1451 2247 1523 2313 ope-

306 2356 308 2360 *
382 2331 473 2394 ribus
503 2340 553 2394 est
589 2338 803 2417 procreatum.
827 2374 838 2408 (
863 2351 880 2391 e
907 2326 1129 2392 columnarum
1157 2329 1244 2390 enim
1276 2327 1523 2393 formationibus

381 2434 479 2496 trium
501 2453 657 2516 generum
672 2431 779 2494 factae
804 2440 880 2494 sunt
904 2430 1154 2512 nominationes,
1182 2429 1309 2514 dorica,
1332 2431 1451 2512 ionica,
1473 2451 1523 2492 co·

383 2534 515 2614 rinthia,
541 2533 698 2619 equibus
722 2534 827 2619 prima
850 2542 881 2595 et
903 2532 1084 2616 antiquitus
1107 2531 1218 2595 dorica
1240 2542 1291 2595 est
1312 2541 1398 2594 nata.

467 2635 614 2719 Namque
636 2632 761 2696 Achaia
783 2633 1072 2720 Peloponnesoquc
1093 2642 1162 2696 tota
1185 2633 1292 2696 Dorus
1315 2632 1471 2697 Hellenos
1494 2642 1524 2697 et

330 2753 364 2801 ‘20
382 2734 538 2799 Orseidos
566 2735 728 2821 nymphae
750 2734 836 2798 filius
859 2737 1026 2819 regnavit,
1056 2735 1149 2821 isque
1171 2735 1271 2820 Argis
1293 2743 1424 2799 vetusta
1445 2736 1523 2798 civi·

381 2846 448 2900 tate
478 2836 615 2898 Iunonis
651 2835 772 2923 templo
804 2835 992 2900 aedificavit
1026 2838 1096 2901 eius
1127 2837 1257 2922 generis
1290 2837 1425 2902 fortuito
1460 2837 1522 2901 sor-

350 2936 353 2941 ⁴
382 2960 454 3000 mae
470 2936 597 3017 fanum,
621 2935 741 3000 deinde
762 2937 867 2999 isdem
889 2938 1063 3022 generibus
1086 2940 1121 3003 in
1144 2940 1260 3002 ceteris
1274 2938 1422 3003 Achaiae
1444 2940 1521 3002 civi-

381 3038 520 3121 tatibus,
549 3059 622 3101 cum
650 3038 827 3101 etiamnum
853 3062 919 3102 non
941 3050 1028 3103 esset
1049 3042 1311 3127 symmetriarum
1332 3040 1415 3104 ratio
1437 3051 1521 3104 nata.

381 3150 496 3227 postea
517 3148 625 3203 autem
648 3162 744 3226 quam
766 3125 985 3204 Athenienses
1009 3164 1050 3205 ex
1072 3144 1237 3229 responsis
1259 3140 1423 3228 Apollinis
1445 3141 1520 3205 Del-

331 3261 363 3307 25
381 3242 485 3328 phici,
509 3245 671 3306 communi
693 3242 829 3306 consilio
859 3243 958 3306 totius
986 3242 1163 3324 Hellados,
1190 3261 1257 3307 xm
1286 3242 1429 3307 colonias
1459 3252 1551 3308 unol

381 3353 526 3430 tempore
554 3345 588 3406 in
610 3345 724 3407 Asiam
753 3343 959 3408 deduxerunt
987 3345 1150 3430 ducesque
1171 3345 1206 3407 in
1227 3343 1365 3429 singulis
1388 3344 1521 3409 coloniis

450 3568 466 3616 4
484 3566 633 3624 columnae,
647 3565 784 3616 Corinthii
795 3567 866 3619 doc:
886 3568 1029 3621 columne.
1043 3568 1180 3620 corinthie
1199 3569 1290 3637 6(—9
1305 3571 1359 3634 6⁶),
1380 3571 1520 3623 columnae

383 3650 536 3715 corinthio.
556 3650 591 3698 H.
615 3647 627 3716 ΙΙ
650 3650 711 3700 5in
731 3650 877 3702 altitudine
897 3654 988 3702 addidi
1005 3652 1031 3716 (e
1051 3653 1234 3703 crassitudine
1249 3654 1446 3705 corinthiorum
1466 3657 1520 3712 GH,

382 3733 601 3785 cerassitudine
620 3733 771 3785 Corinthiis
789 3737 881 3800 Man).
909 3733 921 3802 ΙΙ
951 3739 982 3786 10
999 3738 1138 3802 propriam
1156 3742 1211 3788 ed:
1238 3739 1349 3804 propria
1360 3740 1432 3794 ²611.
1456 3737 1469 3806 ΙΙ
1494 3742 1518 3788 tl

382 3823 430 3868 aut
453 3816 634 3883 strigliphorr‘r
659 3819 693 3870 G:
718 3823 766 3868 aut
784 3819 1009 3886 &rygiliphorum
1028 3822 1057 3870 H
1075 3804 1364 3888 (antetrygiliphorum
1382 3823 1432 3885 ch).
1457 3818 1469 3888 ΙΙ
1492 3824 1520 3870 12

381 3925 409 3970 et
430 3921 459 3968 in
478 3919 615 3984 epistyliis
633 3919 706 3970 doc:
726 3924 754 3970 et
771 3921 900 3986 epistiliis
919 3922 948 3980 G,
967 3925 995 3971 et
1012 3907 1137 3985 epy⁸tiliis
1154 3923 1204 3972 Hc.
1227 3918 1240 3988 ΙΙ
1264 3924 1295 3973 13
1313 3922 1448 3987 zophoroe
1469 3920 1519 3985 (zo-

379 4021 458 4085 phori
476 4018 543 4084 Joc.)
567 4021 730 4087 scalpturis:
754 4022 872 4088 zophoro
898 4021 1062 4086 escalpturis
1087 4023 1140 4072 GH
1156 4023 1197 4086 (L,
1216 4007 1460 4088 zoph⁰r01esc.tc,
1480 4039 1518 4073 zo·

380 4105 465 4168 phore
484 4120 523 4156 sc.
541 4101 576 4170 c).
601 4101 612 4171 Η
642 4108 673 4156 15
698 4106 821 4171 capitulo
841 4108 862 4156 G
880 4113 905 4156 et
923 4115 1064 4156 antccorr.
1083 4107 1123 4156 H:
1143 4109 1288 4174 capitulos
1301 4108 1351 4165 Hc,
1369 4110 1407 4158 ita
1425 4102 1523 4174 quidest

379 4196 406 4237 ut
424 4202 447 4249 u
458 4197 516 4251 post
525 4191 600 4252 finem
611 4206 699 4241 versus
716 4192 828 4240 additum
844 4193 878 4240 cit
895 4191 927 4240 ab
944 4191 997 4241 ulia
1008 4207 1081 4241 manu
1100 4191 1293 4257 (capitulorum
1310 4194 1350 4242 vel
1360 4205 1435 4253 -οη
1449 4195 1520 4243 etiam

380 4271 448 4334 Llc).
471 4268 485 4338 l}
508 4275 539 4322 18
557 4278 622 4324 n'ota
640 4282 700 4325 ante
717 4291 786 4325 corr.
806 4276 836 4326 G.
859 4271 871 4340 ΙΙ
894 4277 926 4325 19
944 4275 1131 4340 peloponenso
1151 4277 1184 4336 G,
1207 4277 1408 4343 peloponnesso
1425 4278 1458 4327 H
1472 4276 1520 4341 (cll,

380 4370 535 4422 -ponensc
553 4357 598 4421 L).
621 4355 634 4425 ΙΙ
660 4359 794 4409 Hellenos
814 4361 869 4409 Pol.
889 4354 1017 4423 (hellenis
1035 4363 1076 4411 erl.
1099 4360 1191 4421 Ven.):
1210 4360 1351 4410 helenidos
1371 4361 1431 4410 GH.
1454 4357 1467 4426 ΙΙ
1489 4362 1520 4410 20

379 4438 510 4489 Orscidos
532 4440 628 4494 siloae.
649 4440 695 4504 (ecc
713 4445 837 4508 Apollod.
855 4443 879 4505 1,
893 4441 932 4509 7):
952 4442 1115 4510 expeltidos
1134 4444 1163 4504 G,
1183 4444 1308 4509 exptidos
1320 4446 1352 4494 H
1362 4442 1444 4510 (Llc).
1461 4442 1473 4512 ΙΙ
1488 4446 1518 4494 21

379 4523 482 4588 templo
503 4525 558 4575 Gal.
579 4524 624 4588 (cf.
641 4543 669 4590 p.
687 4532 730 4590 85,
750 4531 783 4578 14
801 4537 826 4578 et
842 4545 923 4592 cupra
938 4545 967 4592 p.
987 4533 1027 4588 70,
1051 4532 1107 4590 11):
1136 4529 1266 4593 templum
1287 4531 1345 4582 GH.
1371 4527 1383 4596 ΙΙ
1408 4530 1520 4580 fortuito

381 4606 435 4655 GH
455 4608 497 4669 (L,
521 4609 638 4658 fortuitu
659 4610 702 4673 lc).
730 4609 741 4677 ΙΙ
768 4614 800 4661 22
818 4612 925 4661 hisdem
945 4613 998 4662 GH
1018 4610 1056 4676 (ut
1072 4614 1192 4678 semper).
1215 4610 1227 4680 ll
1250 4617 1283 4665 23
1301 4615 1452 4665 etiamnum
1471 4609 1524 4666 GH

380 4687 423 4763 (lc,
443 4691 526 4746 etiam
545 4697 600 4742 tum
621 4692 663 4760 L).
687 4685 699 4763 ΙΙ
721 4696 754 4744 26
772 4697 800 4746 in
818 4697 935 4765 singulis
953 4697 994 4746 H:
1013 4697 1132 4765 singulis
1151 4699 1181 4754 θ.
