3784 5625
393 642 435 706 94
588 721 590 723 ,
883 651 1043 704 vrrnuvn

394 811 654 892 excavabuntur,
684 810 732 872 sic
755 819 802 873 est
824 809 928 874 forma
951 809 1100 873 facienda
1122 812 1171 873 uti
1193 827 1290 895 quarn
1311 831 1466 895 magnum
1490 822 1540 876 est

393 911 601 977 intervallum
630 912 745 994 striae,
774 920 842 974 tam
869 913 997 996 magnis
1026 914 1199 975 striaturae
1221 912 1356 998 paribus
1379 911 1538 977 lateribus

393 1015 588 1100 quadratum
623 1012 844 1095 describatur,
877 1014 913 1076 in
946 1014 1054 1078 medio
1088 1022 1197 1077 autem
1230 1014 1389 1099 quadrato
1423 1016 1539 1078 circini

393 1127 540 1180 centrum
562 1113 748 1179 conlocetur
770 1123 802 1177 et
824 1124 941 1199 agatur
964 1114 1050 1178 linea
1071 1109 1329 1199 rotundationis,
1354 1136 1438 1202 quae
1460 1138 1538 1202 qua-

359 1231 373 1278 5
392 1218 551 1283 drationis
579 1215 875 1301 angulos-tangat,
911 1225 942 1279 et
972 1226 1130 1302 quantum
1152 1217 1215 1280 erit
1237 1227 1432 1282 curvaturae
1454 1219 1540 1282 inter

390 1320 653 1386 rotundationem
669 1327 702 1382 et
717 1303 908 1404 quadratam
924 1318 1187 1405 descriptionem,
1202 1327 1330 1383 tantum
1344 1318 1387 1381 ad
1403 1319 1539 1382 formam

393 1430 604 1486 excaventur.
648 1421 695 1484 ita
715 1419 827 1485 dorica
849 1419 999 1484 columna
1020 1422 1071 1483 sui
1093 1421 1222 1506 generis
1245 1422 1419 1484 striaturae
1440 1420 1539 1485 habe-

392 1525 442 1588 bit
464 1522 708 1609 perfectionem.
753 1520 794 1585 de
815 1522 1000 1586 adiectione
1029 1523 1099 1586 cius
1129 1544 1194 1608 qua
1216 1521 1324 1585 media
1344 1522 1539 1607 adaugetur,
1559 1540 1589 1587 10

392 1626 440 1688 uti
463 1626 496 1686 in
518 1625 614 1687 tertio
638 1622 804 1688 volumine
827 1624 867 1687 de
882 1624 1006 1688 ionicis
1030 1634 1080 1688 est
1100 1625 1292 1711 perscripta,
1316 1625 1363 1687 ita
1385 1634 1418 1689 et
1437 1626 1473 1687 in
1487 1623 1540 1689 his

344 1739 374 1786 10
392 1725 618 1789 transferatur.

479 1826 643 1905 Quoniam
665 1829 808 1891 exterior
829 1827 954 1914 species
975 1828 1239 1913 symmetriarum
1254 1836 1287 1892 et
1307 1827 1541 1892 corinthiorum

394 1940 425 1993 et
448 1928 632 1994 doricorum
655 1937 687 1994 ct
714 1930 894 1993 ionicorum
917 1937 968 1991 est
988 1930 1185 2016 perscripta,
1213 1950 1347 1993 necesse
1369 1937 1420 1993 est
1442 1931 1539 1994 etiam

342 2044 380 2093 1V
394 2034 564 2099 interiores
581 2030 734 2096 cellarum
748 2033 926 2120 pronaique
948 2030 1196 2095 distributiones
1216 2029 1391 2118 explicare.
1429 2030 1539 2095 distri·
1558 2040 1568 2085 1

382 2134 507 2199 ¹buitur
533 2142 643 2197 autem
670 2132 840 2217 longitudo
870 2132 962 2196 aedis
996 2133 1045 2195 uti
1072 2130 1211 2196 latitudo
1247 2134 1290 2197 sit
1324 2131 1539 2217 longitudinis

345 2250 375 2298 15
394 2235 549 2300 dimidiae
571 2236 685 2321 partis,
708 2236 844 2323 ipsaque
867 2230 948 2298 cella
970 2243 1062 2320 parte
1085 2243 1199 2319 quarta
1220 2231 1348 2319 longior
1364 2236 1419 2318 sit,
1443 2257 1540 2320 quarn
1599 2291 1602 2295 ,

394 2348 444 2402 cst
466 2336 616 2420 latitudo,
641 2358 714 2401 oum
736 2339 871 2424 pariete,
896 2337 952 2423 qui
974 2336 1082 2422 paries
1099 2334 1270 2399 valvarum
1291 2335 1443 2400 habuerit
1466 2358 1539 2401 con-

394 2434 597 2507 locationem.
642 2437 787 2524 reliquae
813 2447 879 2502 tres
907 2448 1017 2526 partes
1046 2438 1161 2523 pronai
1189 2437 1232 2500 ad
1259 2447 1353 2501 antas
1379 2439 1540 2525 parietum

311 2540 313 2543 ’
394 2550 585 2628 procurrant
592 2590 600 2622 ,
638 2563 720 2626 quae
753 2548 849 2603 antae
882 2539 1104 2605 columnarum
1137 2538 1387 2603 crassitudinem
1421 2540 1540 2605 habere

367 2690 369 2695 -
395 2643 526 2707 debent.
565 2650 603 2708 ¹et
625 2646 652 2706 si
680 2641 777 2705 aedes
800 2643 861 2705 erit
888 2640 1063 2706 latitudine
1095 2642 1198 2705 maior
1226 2662 1322 2727 quam
1350 2642 1451 2728 pedes
1480 2660 1538 2726 xx,

344 2760 376 2807 ‘20
395 2745 479 2807 duae
501 2744 670 2808 columnae
691 2745 776 2807 inter
798 2741 878 2806 duas
901 2751 994 2807 antas
1018 2744 1281 2831 interponantur,
1310 2766 1394 2830 quae
1416 2744 1538 2806 disiun-

394 2855 474 2930 gant
495 2855 692 2932 pteromatos
715 2855 747 2909 et
769 2847 884 2931 pronai
906 2847 1057 2932 spatium.
1101 2848 1180 2910 item
1202 2844 1451 2910 intercolumnia
1465 2847 1539 2928 tria,

396 2970 479 3033 quae
502 2956 596 3010 erunt
624 2947 709 3010 inter
736 2957 829 3010 antas
853 2956 885 3010 et
907 2945 1088 3030 columnas,
1116 2946 1235 3033 pluteis
1257 2951 1446 3014 marmoreis
1469 2950 1539 3011 sive

396 3072 438 3112 ex
460 3050 615 3114 intestino
638 3070 734 3135 opere
757 3048 853 3112 factis
876 3047 1135 3113 intercludantur
1156 3051 1201 3113 ita
1221 3050 1270 3112 uti
1285 3042 1372 3114 fores
1388 3050 1539 3131 habeant,

395 3175 453 3239 per
481 3173 561 3237 quas
590 3151 708 3214 itinera
734 3171 856 3238 pronao
885 3150 974 3215 fiant.
1019 3152 1097 3213 item
1126 3153 1155 3214 si
1182 3152 1285 3215 maior
1313 3153 1375 3214 erit
1403 3151 1570 3215 latitud02

344 3270 377 3318 ‘25
396 3277 491 3340 quam
507 3253 606 3340 pedes
622 3271 685 3336 XL,
710 3252 879 3316 columnae
900 3262 1011 3317 contra
1030 3254 1180 3335 regiones
1202 3252 1434 3334 columnarum,
1459 3274 1539 3338 quac

395 3358 480 3418 inter
501 3364 593 3418 antas
618 3365 707 3436 sunt,
742 3356 902 3420 introrsus
930 3353 1149 3419 conlocentur.
1195 3363 1227 3417 et
1247 3353 1310 3418 hac
1330 3353 1540 3418 altitudinem

396 3458 536 3521 habeant
557 3477 660 3540 aeque
683 3478 781 3541 quam
797 3479 879 3542 quae
900 3468 976 3521 sunt
992 3460 1026 3520 in
1041 3455 1158 3540 fronte,
1182 3455 1416 3520 crassitudines
1431 3465 1539 3519 autem

396 3580 507 3622 earum
534 3567 751 3620 extenuentur
779 3558 830 3621 his
859 3558 1039 3622 rationibus
1067 3559 1116 3621 uti
1143 3559 1171 3620 si
1193 3569 1309 3622 octava
1331 3567 1424 3644 parte
1447 3567 1541 3621 erunt

397 3682 479 3746 quae
508 3668 584 3723 sunt
616 3659 650 3722 in
678 3657 800 3743 fronte,
834 3659 895 3722 hae
923 3659 1002 3721 fiant
1036 3677 1060 3722 x
1087 3668 1180 3744 parte
1186 3708 1195 3743 ,
1229 3662 1281 3724 sin
1320 3669 1430 3723 autem
1463 3677 1540 3722 vll-11

1158 3913 1275 3965 scriptione

397 3975 457 4019 unte
477 3985 546 4018 corr.
568 3967 596 4017 G.
621 3962 632 4032 Η
655 3968 671 4016 6
689 3966 903 4033 descriptionem
920 3968 953 4016 Η
967 3963 1089 4032 (Glec):
1109 3966 1294 4016 destructione
1314 3969 1335 4018 G
1357 3966 1443 4033 (qnam
1460 3968 1542 4032 dupli

396 4088 449 4121 cem
460 4078 486 4121 et
502 4071 558 4121 Get
572 4071 606 4119 6⁶
615 4071 746 4119 lectionem
757 4071 833 4118 muta
841 4072 936 4134 repetit
946 4071 1103 4120 Parmensis
1116 4072 1184 4119 7228
1195 4086 1265 4121 saec.
1278 4070 1345 4121 XV:
1360 4069 1542 4120 distractione

397 4153 633 4220 descriptionem).
647 4148 658 4219 Η
671 4156 687 4204 8
697 4169 751 4218 qua
761 4153 853 4204 Sohar
864 4167 935 4216 quae
943 4155 1006 4220 (que
1014 4153 1046 4220 G)
1059 4154 1117 4204 GH.
1128 4150 1141 4220 Η
1154 4155 1185 4203 16
1195 4154 1324 4204 habuerit
1334 4152 1423 4219 0an
1432 4151 1541 4203 habire·

398 4242 434 4288 rit
450 4240 482 4287 H
498 4239 558 4305 (tet)
579 4237 704 4303 [habebit
719 4237 758 4303 fl.
774 4234 787 4304 Η
810 4240 842 4288 18
860 4243 925 4304 ante
946 4240 979 4298 G,
999 4242 1065 4288 ante
1083 4238 1113 4285 H
1130 4236 1196 4301 (60).
1218 4234 1230 4303 Η
1253 4240 1285 4288 19
1303 4238 1381 4288 aedis
1400 4238 1438 4287 L:
1457 4238 1543 4288 aedes

296 4310 300 4317 ¹
400 4324 452 4372 GH
468 4321 545 4388 (sdes
563 4323 592 4388 l).
615 4319 627 4391 Η
652 4325 684 4372 21
704 4319 888 4388 pterolmatos
908 4323 941 4374 G:
966 4320 1152 4388 pteromoltos
1174 4322 1207 4370 H
1226 4320 1424 4404 (pterovmotus
1435 4323 1467 4381 L,
1480 4325 1543 4386 pte·
1594 4339 1596 4346 ’

398 4428 520 4475 remotos
535 4423 579 4488 lc).
603 4420 615 4489 Η
637 4427 671 4473 22
689 4425 762 4474 inter
774 4426 929 4474 interantas
948 4425 985 4477 H.
1007 4419 1019 4489 Η
1042 4426 1074 4474 24
1091 4422 1212 4473 latitudo
1224 4425 1294 4475 doc:
1314 4423 1433 4494 altitudo
1452 4423 1512 4475 GH.
1527 4419 1540 4487 Η

398 4512 431 4559 25
448 4509 576 4573 regiones
595 4508 688 4557 Lccbc:
707 4507 857 4572 religiones
877 4508 930 4558 GH
944 4510 966 4571 (1
982 4515 1009 4558 et
1025 4515 1084 4558 ante
1096 4524 1165 4558 corr.
1177 4507 1229 4571 cle).
1250 4504 1262 4574 Η
1283 4511 1317 4559 29
1328 4509 1354 4558 Χ
1372 4511 1459 4572 partc-
1470 4505 1498 4570 (i.
1518 4523 1542 4561 e.

398 4627 504 4676 decima
514 4623 606 4691 parte)
625 4642 685 4691 epo:
704 4627 737 4676 X.
750 4631 846 4694 partes
865 4628 923 4678 GH.
940 4623 953 4694 Η
968 4626 1050 4678 VIIII
1067 4596 1202 4690 (vlnl=
1212 4642 1285 4678 nona
1295 4614 1340 4692 Gr)
1359 4628 1408 4678 aut
1419 4626 1542 4677 decima:

397 4712 435 4762 sic
453 4709 512 4759 GH.
718 4739 720 4743 <
