3784 5625
388 639 448 702 140
873 656 1030 703 vrruuvu

386 818 418 873 ct
440 807 640 890 latitudinis,
668 808 759 871 cuius
784 829 856 871 eum
879 808 979 873 semel
1002 810 1178 874 constituta
1201 808 1299 872 fuerit
1325 808 1527 892 magnitudo,

386 920 539 995 sequatur
561 931 630 971 eam
653 910 871 996 proportionis
892 909 935 972 ad
958 911 1108 975 decorem
1129 912 1309 997 apparatio,
1331 910 1380 973 uti
1402 917 1474 974 non‘
1485 912 1528 973 sit

387 1011 666 1075 considerantibus
689 1020 839 1097 aspectus
863 1012 1067 1098 eurythmiae
1089 1012 1221 1076 dubius.
1260 1010 1301 1074 de
1324 1032 1389 1096 qua
1411 1010 1526 1096 quibus

384 1113 565 1177 rationibus
589 1111 750 1176 efficiatur
772 1122 821 1176 est
843 1114 923 1177 mihi
945 1113 1237 1200 pronunciandum,
1260 1111 1465 1199 primumque
1487 1114 1528 1178 de

351 1216 474 1279 scavis
497 1215 627 1278 aedium
648 1216 698 1279 uti
719 1214 790 1277 fleri
813 1214 955 1279 debeant
977 1217 1095 1281 dicam.

335 1331 377 1381 111
475 1316 566 1381 Cava
587 1317 717 1381 aedium
740 1317 883 1403 quinque
904 1319 1080 1401 generibus
1104 1326 1179 1382 sunt
1202 1316 1368 1398 distincta,
1392 1331 1556 1402 quoruml

386 1420 433 1481 ita
458 1418 580 1502 figurae
599 1420 823 1500 nominantur,
847 1420 1064 1503 tuscanicum,
1088 1419 1299 1502 corinthium,
1321 1417 1526 1504 tetrastylos,

385 1518 632 1606 displuviatum,
655 1520 900 1585 testudinatum.
916 1576 925 1599 ‚
945 1523 1112 1585 tuscanica
1133 1529 1209 1585 sunt
1228 1522 1262 1583 in
1277 1520 1397 1607 quibus
1417 1520 1527 1584 trabes

385 1624 420 1683 in
441 1622 517 1684 atrii
539 1621 712 1686 latitudine
735 1622 890 1685 traiectae
912 1621 1055 1688 habeant
1082 1624 1307 1709 interpensiva
1328 1632 1361 1685 et
1383 1620 1526 1686 collicias

337 1744 368 1791 ιο
386 1722 428 1785 ab
459 1722 588 1807 angulis
622 1725 781 1809 parietum
813 1722 856 1786 ad
888 1724 1024 1809 angulos
1061 1726 1225 1810 tignorum
1259 1720 1526 1805 intercurrentes,

384 1827 464 1889 item
485 1824 649 1889 asseribus
673 1823 913 1889 stillicidiorum
935 1827 971 1890 in
984 1826 1128 1914 medium
1144 1826 1364 1913 compluvium
1380 1824 1525 1890 deiectis.

384 1927 419 1988 in
441 1927 610 1991 corinthiis
638 1927 743 1990 isdem
764 1928 945 1991 rationibus
967 1928 1076 1993 trabes
1099 1939 1131 1992 et
1153 1928 1338 2015 compluvia
1357 1926 1525 2016 conlocan-

384 2037 448 2111 tur,
473 2027 530 2091 sed
552 2051 571 2091 a
593 2029 772 2115 parictibus
795 2028 903 2093 trabes
926 2031 1115 2095 recedentes
1138 2033 1173 2095 in
1194 2032 1421 2095 circumitione
1442 2031 1526 2095 circa

385 2128 549 2193 columnas
578 2142 835 2218 componuntur..
869 2132 1042 2218 tetrastyla
1069 2141 1146 2197 sunt
1175 2154 1258 2219 quae
1284 2131 1443 2197 subiectis
1465 2130 1524 2195 sub

335 2251 366 2298 15
384 2231 533 2296 trabibus
561 2232 775 2317 angularibus
804 2233 962 2299 columnis
986 2245 1018 2298 et
1047 2235 1224 2300 utilitatem
1246 2233 1396 2299 trabibus
1420 2243 1452 2297 et
1473 2232 1530 2297 fir·.

383 2335 529 2398 mitatem
551 2344 735 2422 praestant,
765 2336 852 2422 quod
874 2358 980 2422 neque
1002 2338 1093 2422 ipsae
1114 2359 1270 2421 magnum
1292 2338 1453 2423 impetum
1473 2356 1522 2399 cc-

382 2445 505 2520 guntur
526 2435 647 2501 habere
669 2459 775 2524 neque
797 2438 840 2502 ab
857 2439 1088 2525 interpensivis
1103 2447 1288 2503 onerantur.
1325 2436 1552 2523 displuviataa

382 2548 491 2601 autem
515 2548 590 2603 sunt
612 2540 647 2601 in
669 2539 788 2624 quibus
815 2538 979 2626 deliquiae
1005 2555 1113 2603 arcam
1136 2543 1334 2605 sustinentes
1358 2536 1523 2603 stillicidia

382 2640 532 2703 reiciunt.
576 2640 657 2703 haec
671 2640 891 2706 hibernaculis
907 2643 1050 2705 maxime
1064 2641 1231 2728 pra'estant
1245 2640 1417 2723 utilitates,
1440 2638 1523 2727 quod

332 2759 365 2807 20
383 2740 569 2827 compluvia
590 2763 701 2805 eorum
724 2754 831 2807 erecta
853 2766 917 2808 non
939 2743 1071 2809 obstant
1098 2743 1275 2809 luminibus
1297 2741 1521 2819 tricliniorum.

384 2843 442 2906 sed
471 2865 508 2906 ea
536 2842 657 2908 habent
688 2846 723 2908 in
751 2846 985 2911 refectionibus
1001 2846 1201 2938 ⁸molestiam
1234 2867 1404 2932 magnam,
1439 2842 1522 2932 quod

384 2945 470 3006 cirea
497 2946 638 3030 parietes
668 2943 836 3010 stillicidia
864 2947 1041 3014 defluentia
1069 2950 1237 3014 continent
1264 2947 1410 3030 fistulae,
1443 2967 1521 3034 qnae

382 3067 448 3110 non
470 3045 619 3109 celeriter
644 3049 808 3134 recipiunt
830 3071 872 3112 ex
895 3049 1201 3137 canalibus·aquam
1225 3049 1436 3133 defluentem,
1464 3050 1520 3113 ita·

382 3169 445 3235 que
466 3147 687 3214 redundantes
713 3159 904 3235 restagnant
932 3161 964 3216 et
991 3153 1181 3217 intestinum
1204 3162 1236 3216 et
1257 3153 1399 3240 parietes
1421 3153 1456 3215 in
1478 3152 1521 3214 eis

331 3266 364 3316 25
382 3250 559 3335 generibus
574 3252 799 3317 aedificiorum
817 3264 1037 3340 corrumpunt.
1059 3254 1259 3319 testudinata
1273 3276 1352 3317 vero
1368 3253 1417 3318 ibi
1430 3252 1520 3333 fiunt,

381 3353 439 3416 ubi
465 3376 530 3417 non
559 3363 635 3418 sunt
662 3356 803 3441 impetus
831 3358 942 3440 magni
980 3366 1011 3420 ct
1036 3357 1072 3419 in
1100 3354 1399 3441 contignationibus
1427 3375 1521 3441 supra

382 3455 543 3538 spatiosae
565 3455 747 3519 redduntur
766 3457 997 3522 habitationes.
1132 3541 1134 3543 Ι

331 3570 370 3620 IV
466 3556 634 3645 Atriorum
656 3579 733 3621 vero
756 3557 946 3624 latitudines
969 3582 1008 3623 ac
1029 3557 1250 3643 longitudines
1272 3560 1380 3623 tribus
1396 3559 1546 3644 generi-³

451 3782 464 3828 1
485 3785 513 3830 et
534 3780 690 3831 latitudinis
713 3782 854 3837 adduco.
878 3780 890 3850 ΙΙ
914 3785 992 3833 cuius
1019 3799 1079 3832 cum
1106 3783 1192 3833 semel
1217 3783 1250 3835 G:
1285 3783 1363 3832 cuius
1387 3782 1473 3832 semel
1495 3781 1520 3830 H

365 3859 460 3930 ‚(Llc).
484 3860 496 3930 Ι]
519 3866 535 3915 5
554 3865 655 3916 debent
672 3872 732 3917 ante
750 3883 820 3922 corr.
838 3869 874 3919 H.
896 3865 908 3934 ΙΙ
928 3870 942 3919 '1
962 3866 1050 3933 figura
1068 3875 1127 3917 ante
1144 3884 1214 3921 corr.
1234 3865 1269 3949 (ζ
1286 3863 1299 3932 ΙΙ
1323 3867 1519 3918 tuscani.cnm

382 3949 417 3998 H.
441 3943 454 4015 ΙΙ
476 3951 642 4015 tetrartylon
660 3958 719 4001 ante
736 3968 804 4005 corr.
825 3953 853 4005 G.
877 3949 890 4019 ll
912 3955 928 4002 9
948 3951 1196 4016 οοΙῙίοἰαο’(*2ἰιιε
1216 3950 1262 4017 Ge)
1283 3952 1337 4002 GH
1351 3951 1433 4016 (Llc).
1456 3947 1468 4018 ΙΙ
1491 3953 1519 4000 10

269 4026 277 4038 “
380 4033 415 4083 ad
434 4035 535 4099 angulo
558 4032 704 4101 [tignorum
722 4037 751 4085 H
774 4036 925 4102 (abangulo
949 4036 1325 4103 stignorumet,1stignoru
1344 4036 1374 4101 l).
1397 4032 1410 4101 ss
1439 4037 1519 4087 inter·

381 4124 520 4170 currentes
545 4121 578 4171 G:
607 4121 777 4171 incurrentes
799 4122 828 4171 H
852 4121 929 4186 (bic).
957 4119 969 4188 fl
992 4124 1022 4171 ll
1047 4121 1164 4172 deiectis
1189 4123 1260 4175 G0L:
1293 4121 1395 4171 deictis
1420 4122 1454 4183 G,
1476 4119 1519 4169 de·

380 4205 468 4254 iectus
485 4207 515 4254 H
532 4202 588 4270 (ic).
609 4203 621 4272 ΙΙ
643 4208 673 4255 12
692 4205 835 4256 corinthiis
857 4205 962 4257 hisdem
983 4207 1004 4256 G
1022 4203 1087 4271 (d⁶):
1111 4204 1348 4272 cori(ytc0d)nthii
1367 4205 1461 4271 (-thu
1479 4202 1518 4267 Li)

380 4288 485 4338 hisdem
502 4291 533 4339 H
549 4290 629 4355 (Lis).
654 4287 666 4357 {l
689 4293 720 4342 12
738 4287 775 4354 (et
793 4289 835 4354 13)
855 4294 949 4341 trauss
967 4292 1003 4341 H.
1025 4287 1037 4358 11
1068 4294 1099 4342 13
1121 4291 1283 4342 recedentes
1303 4291 1355 4346 GH
1373 4290 1421 4355 (L,
1445 4283 1519 4341 sece-

333 4386 335 4390 ·
380 4372 478 4424 dentes
497 4368 615 4439 (lc[vf]).
631 4371 643 4441 ll
662 4377 693 4426 14
710 4374 861 4439 tetrastyla
879 4377 907 4424 H
926 4373 984 4439 (let
1001 4384 1060 4426 aste
1078 4393 1146 4426 corr.
1166 4376 1200 4441 c).
1222 4371 1235 4442 ΙΙ
1260 4378 1291 4426 18
1309 4364 1519 4440 deliquiae':'stc

382 4458 433 4508 GH
449 4455 528 4523 (Llc).
542 4455 555 4524 H
572 4460 688 4511 stillicia
700 4462 844 4525 scripturus
861 4477 889 4511 se
906 4462 963 4526 ipse
974 4477 1044 4512 corr.
1063 4458 1202 4524 (-cralia)
1217 4461 1254 4510 H.
1271 4457 1283 4526 ss
1299 4463 1330 4510 19
1343 4461 1480 4510 maximae
1494 4458 1519 4506 H

381 4541 459 4606 (aes,
478 4559 554 4609 -mc
578 4543 610 4607 l):
634 4552 763 4596 maxima⁸
778 4545 782 4608 Ι
800 4547 820 4597 G
839 4542 894 4610 (ci).
919 4543 931 4612 l}
954 4548 987 4596 20
1006 4561 1098 4597 eorum
1116 4548 1170 4596 ed:
1191 4560 1285 4596 earum
1305 4545 1365 4595 GH.
1390 4540 1402 4610 ΙΙ
1425 4547 1458 4594 22
1476 4542 1518 4592 de·

380 4628 505 4678 fluentia:
525 4630 563 4677 sic
582 4629 640 4679 GH.
662 4624 674 4694 ΙΙ
698 4632 730 4680 23
749 4646 864 4694 aquam:
888 4647 969 4695 quam
990 4638 1050 4682 ante
1067 4647 1136 4684 corr.
1155 4633 1190 4680 H.
1213 4626 1225 4696 Η
1250 4631 1283 4681 28
1305 4628 1469 4679 latitudines
1486 4643 1519 4677 ac

379 4710 577 4778 longItudines:
596 4714 634 4762 cic
653 4712 711 4762 GH.
