3784 5625
365 626 403 694 w,

359 784 541 854 ,monosterii
566 780 597 839 S.
624 780 784 840 Michaelis
806 781 837 838 in
859 779 1045 837 llildesbeim
1074 794 1094 835 o
1123 778 1317 864 Bermoardo
1344 771 1509 852 episcopo¹
1553 804 1556 809 ·

366 884 482 944 conditi
514 882 605 941 obbos
629 884 746 955 primus
775 877 827 960 (ob
850 896 880 938 o.
911 887 1000 952 1022,
1033 878 1053 955 †
1079 876 1167 958 1030)
1181 875 1203 938 ².
1233 871 1385 954 'scriptus
1412 885 1511 938 aretem

367 987 459 1045 multo
482 989 571 1042 ordeo
589 982 699 1053 suerat
720 985 751 1041 in
769 983 931 1042 (lectuaria
954 981 1059 1040 Cimoli
1080 996 1163 1053 oceo,
1189 997 1247 1054 quo
1263 987 1427 1055 postquam
1449 996 1511 1040 uno

367 1102 434 1145 eum
456 1084 644 1156 aedificandi
662 1085 761 1142 studio
783 1084 929 1143 librorum
953 1082 1085 1141 l'itrooii
1104 1083 1192 1140 lectio
1214 1082 1405 1155 immiprooil,
1423 1083 1512 1140 uario

367 1188 456 1246 buius
483 1185 674 1259 exemplaria
708 1185 965 1244 describebantur.
1015 1198 1084 1241 nom
1122 1184 1287 1242 Vitruvium
1321 1183 1426 1240 ttoouut
1451 1184 1513 1241 siue

369 1282 556 1347 liinbortus3
585 1288 647 1345 siue
673 1281 720 1363 (ut
747 1286 891 1359 Pbilippo
917 1282 1009 1358 loffe'
1034 1285 1167 1342 monenti
1187 1283 1373 1342 oboedientes
1394 1285 1513 1342 coutius
1612 1337 1614 1341 .

366 1384 609 1467 pronuntiemus)
644 1388 669 1445 is
698 1388 750 1459 pud
775 1387 896 1459 scripsit
924 1402 1014 1459 eumn
1041 1387 1106 1444 sine
1133 1385 1252 1444 nomine
1277 1386 1411 1444 electoris
1433 1385 1513 1444 inter

369 1493 430 1549 einos
462 1489 603 1562 epistolas
634 1490 760 1561 lepimns
792 1487 970 1546 tricesimum
999 1483 1116 1565 (Jrrffeo
1146 1481 1200 1566 56)
1228 1487 1272 1545 od
1306 1486 1411 1546 l'ussin
1442 1479 1513 1565 (sic)

366 1593 462 1663 filiorm
476 1586 499 1665 ⁴,
527 1590 693 1648 Vitruvium
715 1591 779 1647 sinc
799 1589 888 1647 (tribio
909 1589 1079 1647 babuerunt
1094 1588 1137 1644 od
1156 1588 1296 1660 quasillo
1317 1589 1438 1661 scripsit
1452 1603 1514 1647 rno-

369 1691 463 1752 noclti
484 1691 664 1765 Fnldenses,
693 1706 712 1746 a
740 1690 940 1749 Fuldensibns
969 1695 1066 1748 curulem
1089 1695 1121 1748 ul
1150 1691 1214 1747 alia
1241 1690 1335 1748 miella
1362 1690 1516 1764 accepisse

362 1794 510 1878 ¹uidentur
533 1791 650 1864 nuptae
671 1792 771 1851 diuitis
792 1793 872 1851 eires
891 1792 1120 1864 ddipentissimi‚
1144 1792 1229 1865 rupud
1242 1806 1316 1866 quos
1330 1791 1410 1850 inter
1423 1790 1517 1850 libros

371 1895 423 1970 oni
444 1894 590 1967 descripti
611 1892 743 1964 fuerunt
768 1894 799 1951 in
828 1894 895 1967 ipsa
917 1891 1006 1950 Atetta
1036 1900 1168 1981 ternpore
1190 1892 1374 1951 Ituodbelmi
1400 1892 1517 1950 abbatis

374 1991 569 2074 (tus-842:
605 1995 675 2053 boio
696 1996 837 2053 suecessit
860 1991 1056 2065 Wnlafridus
1077 1994 1222 2052 Hroboni
1239 1987 1431 2074 discipulus),
1452 1992 1517 2064 suit

373 2092 481 2175 „item
509 2090 593 2154 liber·
621 2090 767 2153 vitruvii
795 2089 942 2173 magistri
971 2088 1012 2151 de
1039 2083 1257 2153 architectura
1286 2088 1517 2175 comprehensa

372 2194 417 2256 X.
434 2192 561 2274 atrise,
583 2198 660 2255 sicut
685 2202 812 2255 testatur·
826 2196 1027 2269 Iieptnbertus
1049 2191 1084 2274 (†
1107 2193 1183 2276 Stb)
1206 2199 1238 2256 iu
1253 2192 1418 2269 catolopo⁵
1446 2192 1514 2274 (Tr.

374 2299 520 2376 Neuport,
546 2298 747 2372 Episcopolus
769 2297 1006 2356 Constantieusis
1027 2298 1061 2354 I’.
1086 2298 1154 2371 Ip.
1180 2293 1266 2377 5t7).

443 2566 462 2633 ¹)
481 2569 521 2617 De
540 2568 702 2616 Beruwurdo
725 2568 825 2629 artifice
847 2566 942 2614 illustri
964 2566 997 2627 es.
1022 2564 1152 2615 Scbnaase
1172 2566 1260 2616 Gescb.
1284 2568 1310 2615 d.
1336 2566 1395 2616 bild.
1418 2567 1518 2616 Kiirsste

375 2654 426 2710 IV,
445 2656 470 2711 2,
490 2656 533 2703 37.
553 2655 593 2701 79.
612 2654 671 2700 594.

442 2734 463 2801 ²)
488 2736 527 2797 Cf.
556 2735 696 2783 Titanorum·
723 2735 747 2782 in
774 2736 826 2783 uita
854 2733 1010 2782 Beruwardi
1035 2749 1058 2787 e.
1082 2738 1115 2784 50
1144 2731 1232 2798 (Per-iz
1260 2734 1332 2786 Mon.
1363 2735 1445 2786 Germ.
1468 2733 1517 2789 SS,

380 2822 428 2876 VI,
449 2824 496 2870 779
514 2841 547 2864 :
566 2821 659 2869 Atinal.
673 2820 791 2870 litidesb,
810 2819 846 2867 ad
863 2836 887 2866 a.
908 2821 975 2866 1022
993 2818 1025 2867 it.
1049 2819 1081 2876 V,
1100 2822 1155 2881 99);
1175 2820 1223 2868 seu
1242 2835 1303 2869 nrox
1322 2820 1444 2870 eiusdem
1463 2835 1518 2870 mo-

375 2906 493 2953 nasterii
516 2903 706 2954 habitaculum
731 2903 904 2953 conmissum
924 2906 966 2951 est
984 2901 1180 2967 auregensium
1194 2903 1518 2971 abluatis-officioGode-

376 3004 470 3037 sumno
490 2988 598 3037 cenobii
622 2988 648 3037 S.
668 2987 849 3038 Pautuleouis
867 2987 1017 3052 preposito.
1037 3014 1069 3020 —
1087 2987 1127 3035 De
1145 2986 1172 3034 S.
1186 2988 1350 3038 Pantuleouis
1367 2991 1520 3038 veronosterio

375 3089 443 3126 saec.
456 3073 481 3120 X
490 3073 591 3122 condito
601 3073 650 3123 oid.
669 3073 692 3121 bl
698 3073 837 3122 ’aitenbach
848 3071 1034 3121 Deutseldouds
1050 3071 1294 3136 Gescbiebtsqucdeu
1305 3089 1333 3136 p.
1344 3070 1519 3135 229(cd.11).

444 3156 464 3218 3)
483 3157 524 3206 De
542 3172 590 3220 quo
608 3156 705 3217 artifice
728 3157 762 3218 cf.
782 3157 887 3207 Fiorilto
912 3156 999 3206 Gesob.
1018 3157 1043 3207 d.
1068 3155 1162 3204 zeiclm.
1181 3156 1280 3205 Kiiuste
1303 3158 1328 3206 iu
1348 3158 1521 3206 Deutsebiand

377 3243 401 3301 J,
422 3245 467 3300 25,
487 3241 617 3290 Sobanosc
634 3239 699 3298 III,
719 3242 767 3288 491
793 3249 818 3290 el
835 3242 979 3305 nuperrime
1001 3240 1103 3304 tapsus
1126 3242 1152 3289 iu
1172 3242 1259 3304 praef.
1281 3243 1318 3290 ad
1337 3247 1411 3291 uitam
1433 3241 1521 3291 Caroli

377 3325 445 3375 Bibl.
465 3327 496 3374 li.
517 3325 546 3376 G.
565 3324 617 3383 IV,
638 3327 694 3376 499.

444 3407 466 3472 ⁴)
490 3408 554 3457 Misi
579 3408 665 3472 igitur
692 3408 743 3458 titi
769 3408 855 3458 verba
882 3412 909 3458 et
936 3410 1047 3459 nomina
1077 3411 1198 3460 obscura
1226 3426 1260 3458 ex
1292 3409 1370 3460 libris
1402 3409 1519 3465 Vitruvi

379 3508 449 3556 quus
473 3492 508 3541 ud
530 3507 661 3556 praesens
685 3508 827 3543 occurrere
850 3496 993 3557 poterunt,
1020 3499 1050 3542 ut
1073 3509 1165 3543 corum
1189 3493 1313 3543 notitiam
1335 3494 1437 3544 ibidem
1460 3510 1521 3558 per·

380 3578 514 3640 quircreS.
550 3577 588 3625 ltt
606 3575 687 3625 credo
707 3577 777 3640 quod
796 3591 888 3626 eorum
902 3577 1023 3626 maxima
1040 3592 1104 3641 pars
1123 3579 1174 3627 tibi
1187 3578 1370 3628 demonstrari
1387 3580 1475 3644 possit
1492 3579 1521 3627 in

380 3660 503 3727 capsella
523 3675 603 3724 quum
621 3660 780 3710 (somnust.
801 3660 897 3726 (Eigil)
917 3660 1052 3710 columnis
1075 3662 1204 3712 eburneis
1227 3664 1261 3712 ad
1284 3665 1374 3712 instar
1396 3664 1521 3726 antiquo-

379 3761 438 3795 rum
457 3759 569 3809 0perum
588 3744 747 3794 fabricavit.
783 3745 821 3793 Et
838 3750 952 3810 propter
964 3744 1032 3795 illud
1045 3746 1117 3808 quod
1134 3748 1277 3798 Vitruvius
1290 3749 1414 3798 nominat
1426 3763 1521 3797 sceno·

379 3830 539 3895 graphium,
562 3829 703 3892 interroga
728 3829 791 3892 quid
815 3829 853 3878 sit
876 3829 948 3893 quod
966 3830 1101 3895 Virgilius
1123 3829 1152 3878 in
1173 3831 1210 3880 111
1230 3832 1426 3897 Georgicorum
1450 3832 1520 3881 libro

380 3931 491 3964 scenam
509 3916 601 3964 vocat.
621 3913 689 3962 dixit
708 3913 779 3963 euim
799 3948 847 3964 ...
866 3919 914 3962 etc.
941 3911 1022 3977 (baffi
1040 3913 1200 3964 Bibliotheca
1218 3933 1271 3967 rer.
1292 3918 1374 3971 Germ.
1394 3917 1447 3975 IV,
1461 3920 1520 3967 478.

380 4003 412 4050 de
434 4000 544 4048 Vassino
564 3999 597 4060 rs.
617 3998 678 4048 ibid.
696 4014 724 4061 p.
745 4000 797 4046 493
816 4014 840 4048 n.
860 3995 896 4060 3).

449 4083 470 4146 ·“’)
490 4082 524 4132 ln
542 4084 629 4133 eodem
643 4099 671 4147 p.
691 4084 743 4132 539
761 4083 852 4147 lepitur
869 4083 911 4132 Dc
932 4081 1120 4133 architectura
1131 4083 1259 4135 volumen
1277 4087 1291 4135 Ι
1308 4093 1333 4134 et
1349 4103 1376 4150 p.
1388 4088 1440 4135 548
1457 4086 1523 4138 libri

381 4168 432 4216 duo
451 4168 484 4216 de
503 4167 692 4217 architectura
704 4166 852 4217 Faventini
866 4165 933 4231 (sie).
957 4169 990 4217 de
1002 4168 1156 4233 Repiuberto
1168 4171 1217 4223 vid.
1230 4171 1347 4234 Neuparl
1361 4186 1390 4232 p.
1405 4173 1455 4219 152
1463 4187 1521 4237 sqq,

386 4251 555 4300 Walteubocb
579 4253 704 4304 Deutscld.
730 4252 916 4318 Gescbiobtsqu.
934 4269 962 4316 p.
983 4255 1043 4306 183.
1056 4279 1089 4287 —
1107 4256 1182 4304 etiam
1198 4256 1265 4304 inter
1283 4254 1386 4303 codices
1408 4253 1437 4306 S.
1457 4256 1524 4306 Galli

385 4336 524 4387 Vitruvium
545 4351 599 4383 eum
620 4337 678 4385 aliis
700 4337 782 4387 obiter
803 4344 922 4388 memorat
945 4338 1039 4402 Poppii
1055 4353 1136 4389 conces
1155 4339 1254 4388 Cincius
1272 4337 1397 4387 Ilomouus
1419 4341 1445 4389 iu
1468 4342 1521 4404 epi·

380 4420 448 4469 stota
465 4420 501 4466 ad
518 4419 611 4467 Frane.
630 4421 661 4468 de
674 4420 757 4491 Flauo
775 4421 826 4485 (ed.
846 4424 872 4473 in
884 4423 1004 4472 Diatriba
1019 4423 1197 4488 praeliminari
1213 4423 1249 4471 ad
1262 4422 1396 4473 Francisoi
1406 4423 1524 4474 Barbari

382 4503 511 4566 epistolas.
539 4501 617 4552 artu.
642 4506 707 4552 1741
724 4521 750 4567 p.
770 4507 820 4556 IX.
844 4508 877 4569 cf.
902 4507 1053 4558 Weidmann
1078 4506 1165 4558 Gescb.
1188 4508 1236 4556 der·
1253 4505 1400 4558 Bibliotbels
1416 4526 1464 4559 uon
1482 4509 1521 4560 St.

384 4587 472 4636 Gallen
487 4603 516 4651 p.
531 4586 587 4650 39),
605 4602 695 4637 errore
713 4595 739 4636 ut
756 4591 841 4650 credo,
860 4609 916 4642 aaut
934 4609 981 4642 nec
998 4599 1024 4642 in
1042 4599 1127 4651 peiere
1144 4593 1260 4654 calalopo
1276 4607 1297 4644 s.
1310 4593 1356 4641 IX
1371 4609 1418 4643 uec
1435 4596 1460 4644 iu
1478 4608 1522 4642 re·

382 4671 536 4721 cautioribus
554 4687 641 4722 notruea
658 4672 705 4722 boc
723 4676 840 4726 occulerit.
