3784 5625
703 669 750 717 nu
774 669 1040 718 sacnrrueruas
1064 671 1132 717 ma.
1155 670 1188 717 v.
1449 654 1509 722 127

453 824 549 887 Nunc
571 822 653 886 mihi
674 822 805 887 videtur
826 824 902 904 iam,
926 824 987 886 etsi
1008 844 1074 887 non
1095 823 1161 887 sint
1182 822 1317 887 Italicae
1339 835 1508 889 consuetu·
1526 848 1567 897 XI

370 924 469 1006 dinis,
492 924 728 1010 palaestrarum
749 923 992 989 aedificationes
1014 924 1153 988 traditas
1167 934 1277 987 tamen
1292 917 1456 1012 explicare
1478 936 1511 990 et

369 1025 643 1112 quemadmodum
676 1023 764 1111 apud
792 1024 935 1089 Graecos
970 1028 1210 1090 constituantur
1240 1035 1431 1091 monstrare.
1475 1028 1510 1090 in

369 1127 542 1213 palaestris
566 1126 737 1213 peristylia
759 1128 916 1211 quadrata
938 1128 1009 1190 sive
1031 1126 1172 1210 oblonga
1194 1128 1241 1190 ita
1262 1137 1338 1192 sunt
1358 1128 1510 1191 facienda

367 1230 417 1293 uti
439 1228 577 1294 duorum
604 1226 783 1292 stadiorum
801 1218 953 1291 'habeant
981 1216 1212 1293 ambulationis
1241 1230 1507 1313 circumitionem,
1526 1247 1542 1294 o

367 1329 454 1415 quod
478 1328 597 1393 Graeci
624 1338 743 1393 vocant
771 1328 929 1411 dravtov,
963 1329 1146 1414 exquibus
1175 1339 1242 1393 tres
1264 1332 1408 1417 porticus
1431 1332 1507 1395 sim»

366 1431 468 1518 plices
494 1431 723 1517 disponantur,
756 1439 872 1515 quarta
893 1452 977 1515 quae
1003 1431 1046 1492 ad
1067 1430 1264 1505 meridianas
1286 1433 1436 1515 regiones
1459 1441 1508 1495 est

366 1553 540 1614 conversa,
574 1530 711 1617 duplex,
739 1533 788 1594 uti
816 1553 889 1594 cum
917 1540 1131 1617 tempestates
1153 1541 1309 1597 ventosae
1331 1534 1414 1614 sint,
1442 1555 1508 1596 non

330 1650 346 1695 2
365 1633 469 1719 possit
490 1654 626 1718 aspergo
648 1634 683 1696 in
704 1633 891 1696 interiorem
910 1642 1036 1719 partem
1050 1634 1232 1719 pervenire.
1270 1634 1509 1697 constituantur

365 1743 473 1798 autem
495 1735 531 1797 in
552 1734 659 1798 tribus
681 1733 860 1820 porticibus
883 1733 1024 1797 exedrae
1045 1735 1219 1821 spatiosae,
1241 1734 1397 1798 habentes
1413 1734 1558 1801 sedes'lo

365 1837 400 1898 in
423 1834 542 1921 quibus
565 1835 751 1921 philosophi
773 1835 919 1899 rhetores
934 1835 1116 1921 reliquique
1137 1838 1193 1921 qui
1208 1836 1327 1900 studiis
1343 1835 1506 1900 delectan-

365 1946 419 2001 tur
446 1937 598 2000 sedentes
633 1938 799 2023 disputare
833 1938 970 2022 possint.
1024 1939 1060 2000 in
1088 1937 1212 2024 duplici
1245 1946 1353 2001 autem
1379 1924 1508 2023 porticu

366 2036 577 2101 conlocentur
603 2038 683 2101 haec
710 2037 865 2101 membra.
905 2038 1085 2125 ephebeum
1107 2040 1143 2102 in
1163 2038 1288 2121 medio,
1316 2038 1378 2103 hoc
1398 2047 1507 2103 autem

366 2148 416 2203 est
438 2138 561 2202 exedra
583 2139 785 2225 amplissima
807 2161 880 2204 cum
895 2139 1041 2222 sedibus,
1065 2163 1148 2226 quae
1162 2142 1259 2204 tertia
1273 2148 1366 2226 parte
1379 2139 1508 2225 longior

365 2242 408 2304 sit
430 2262 527 2326 quarn
549 2240 624 2305 lata.
668 2243 729 2306 sub
751 2240 869 2305 dextra
891 2263 1079 2327 coryceum,
1109 2241 1228 2305 deinde
1249 2242 1398 2328 proxime
1419 2243 1505 2305 coni·
1526 2261 1557 2309 15

366 2342 511 2423 sterium,
535 2365 555 2406 a
569 2344 744 2408 conisterio
759 2344 794 2406 in
809 2365 943 2407 versura
958 2344 1102 2429 porticus
1117 2342 1239 2426 {rigida
1254 2341 1386 2423 lavatio,
1410 2364 1506 2428 quam

367 2443 486 2507 Graeci
502 2448 649 2528 λουτρον
663 2445 818 2508 vocitant.
863 2444 905 2507 ad
927 2444 1093 2509 sinistram
1109 2443 1245 2530 ephebei
1262 2442 1504 2523 elaeothesium,

365 2546 514 2631 proxime
540 2555 649 2610 autem
677 2546 909 2610 elaeothesium
935 2540 1160 2628 frigidarium,
1187 2544 1229 2608 ab
1252 2566 1354 2630 eoque
1380 2544 1444 2608 iter
1471 2545 1506 2605 in

365 2648 580 2733 propnigeum
606 2648 641 2711 in
668 2670 804 2711 versura
830 2649 986 2733 porticus.
1034 2648 1184 2732 proxima
1211 2654 1319 2709 autem
1345 2646 1506 2709 introrsus

365 2771 383 2811 e
404 2751 538 2834 regione
560 2749 724 2834 frigidarii
747 2748 932 2814 conlocetur
960 2755 1182 2812 concamerata
1209 2747 1337 2811 sudatio
1363 2745 1505 2831 longitu·
1523 2767 1557 2816 ao

364 2851 441 2914 dine
464 2851 587 2938 duplex
610 2873 706 2936 quam
729 2851 884 2934 latitudo,
908 2872 991 2936 quae
1012 2850 1132 2914 habeat
1152 2850 1187 2912 in
1209 2849 1355 2913 versuris
1377 2871 1420 2912 ex
1441 2871 1507 2912 una

363 2961 457 3038 parte
478 2951 659 3017 laconicum
680 2955 722 3016 ad
746 2952 883 3016 eundem
905 2953 1038 3016 modum
1058 2952 1108 3016 uti
1129 2951 1224 3038 quod,
1237 2973 1335 3037 supra
1349 2952 1506 3039 scriptum

365 3064 424 3136 est,
449 3056 675 3141 compositum,
699 3077 741 3119 ex
763 3055 901 3118 adverso
924 3054 1061 3118 laconici
1083 3053 1211 3118 caldam
1226 3053 1433 3117 lavationem.
1470 3054 1506 3115 in

364 3154 527 3241 palaestra
549 3156 736 3242 peristylia,
766 3156 1038 3242 quemadmodum
1060 3156 1337 3241 suprascriptum
1365 3163 1430 3235 est,
1458 3155 1505 3217 ita

330 3257 487 3321 adebent
521 3279 592 3349 csse
626 3257 770 3343 perfecte
798 3258 986 3324 distributa.
1036 3265 1130 3320 extra
1155 3265 1264 3319 autem
1291 3256 1505 3341 disponantur
1522 3273 1556 3321 25

332 3568 338 3577 ,
432 3515 521 3565 liam
545 3515 599 3564 etsi
623 3516 685 3564 GH:
715 3515 827 3564 tametsi
849 3516 891 3564 ed.
916 3511 928 3580 Η
956 3512 1192 3565 2αθᾱίΐιεαῑίοηίε
1215 3513 1245 3584 H
1267 3511 1361 3577 (-—nes
1380 3510 1470 3576 Gaze).
1489 3509 1503 3579 Η

364 3599 483 3649 traditas
502 3601 580 3649 Lem:
604 3599 724 3650 traditae
743 3599 816 3665 (-ts
836 3599 867 3662 G)
888 3600 945 3649 GH⁴
969 3595 981 3666 Η
1009 3603 1102 3665 apost
1125 3593 1331 3651 constituantur
1352 3604 1523 3649 monstrares

363 3687 451 3734 statim
467 3685 495 3734 in
513 3685 564 3734 GH
583 3682 609 3748 (i.
629 3700 652 3734 e.
671 3686 697 3733 in
715 3684 825 3735 omnibus
842 3683 981 3746 codicibus)
1002 3674 1166 3749 bmpiuatur
1188 3683 1266 3734 uerba
1287 3701 1310 3733 v.
1334 3686 1417 3734 9-12
1441 3699 1504 3733 con·

364 3769 515 3821 stituantur
529 3795 560 3804 —
576 3767 718 3833 disputare
741 3769 848 3833 possint
862 3806 867 3820 .
881 3785 946 3834 puae
966 3777 1100 3834 postquam
1123 3784 1237 3819 errorem
1262 3769 1383 3818 indicauit
1404 3768 1506 3817 Mercu-

362 3855 443 3912 rialis,
462 3855 489 3903 in
504 3854 637 3918 proprium
654 3858 733 3904 locum
751 3855 861 3904 restituit
880 3854 989 3904 (iuliani.
1012 3849 1024 3918 Η
1047 3856 1065 3903 4
1083 3854 1138 3902 sint
1155 3854 1185 3901 H
1197 3852 1253 3915 (L).
1271 3849 1314 3919 llss
1332 3851 1445 3901 diaulon
1463 3852 1503 3900 ed.

363 3938 416 3990 Fu:
436 3935 559 3988 diaulam
579 3938 637 3989 GH.
662 3935 674 4004 Η
695 3940 711 3988 8
730 3938 797 3987 sint:
816 3939 854 3987 sic
872 3938 930 3990 GH.
953 3934 965 4003 Η
995 3938 1027 3986 14
1046 3937 1165 3987 exhedra
1183 3937 1234 3986 GH
1257 3935 1304 4000 (L,
1327 3935 1430 3984 exadra
1447 3941 1505 3984 ante

362 4037 432 4074 corr.
452 4021 494 4080 ct,
518 4021 621 4072 exedra
639 4022 752 4081 Gclcclrc,
775 4029 803 4070 ut
823 4038 903 4086 supra
925 4040 948 4072 a.
968 4024 1000 4070 10
1018 4019 1123 4084 omnes).
1146 4016 1159 4085 Η
1184 4034 1254 4084 qaas
1275 4021 1337 4070 cdd.
1356 4020 1414 4068 Joc.
1438 4014 1451 4084 Η
1473 4019 1505 4067 15

363 4120 510 4170 coryceum
527 4106 558 4175 H
574 4103 672 4169 (Licet,
691 4107 828 4156 coriceum
846 4105 885 4170 e):
904 4106 1056 4157 corticeum
1071 4104 1100 4154 G.
1117 4099 1130 4170 Η
1146 4106 1177 4153 17
1196 4093 1315 4169 λουτρόν
1332 4103 1403 4153 doc:
1421 4100 1505 4151 litron

364 4190 391 4248 G,
405 4189 498 4252 lytron
508 4189 537 4238 H
549 4188 628 4253 (Ide).
649 4186 662 4256 Η
673 4192 705 4239 18
718 4190 931 4268 elaeothesium
945 4190 976 4253 G,
996 4188 1175 4238 eleothesium
1189 4188 1223 4244 H,
1237 4195 1262 4237 et
1273 4203 1333 4237 mox
1347 4180 1403 4250 alal
1412 4185 1504 4235 cothe-

362 4290 432 4340 sium
453 4291 482 4348 G,
501 4288 697 4340 elaeothesium
716 4291 745 4338 H
768 4288 1210 4355 (aleo-clo,eloe-l,elaeo·l1).
1233 4283 1245 4353 Η
1276 4288 1307 4337 19
1329 4301 1426 4351 propnr
1443 4301 1503 4337 eum

361 4382 420 4425 unte
438 4390 509 4427 com
530 4375 559 4432 G,
578 4374 758 4439 propnigeum
780 4375 809 4422 H
831 4372 915 4437 (Gch,
938 4373 1119 4438 prognigeum
1140 4377 1165 4422 lc
1187 4368 1263 4437 [sf]).
1289 4368 1302 4437 Η
1326 4371 1504 4436 proximae:

361 4461 486 4523 proxima
503 4460 532 4507 H
549 4459 595 4521 (tc,
613 4474 719 4508 *mam
738 4456 783 4523 L).
808 4454 819 4523 Η
846 4460 880 4508 20
898 4459 1095 4506 concamerata
1114 4456 1172 4505 GH.
1196 4452 1208 4521 Η
1234 4458 1266 4505 22
1288 4454 1427 4504 laconiam
1444 4461 1505 4504 unte

361 4558 431 4597 corr.
452 4544 482 4594 G.
505 4538 517 4608 Η
538 4542 580 4592 uti
603 4543 674 4606 quod
693 4559 751 4608 epo:
778 4545 919 4605 utiquam
944 4542 995 4590 GH
1017 4539 1109 4604 (quam
1132 4542 1182 4592 del.
1204 4538 1266 4600 ed).
1293 4535 1305 4605 Η
1333 4541 1365 4588 23
1383 4539 1504 4589 locouici

361 4634 421 4676 ante
438 4642 510 4678 corr*-
530 4627 560 4676 0.
581 4621 593 4692 Η
618 4627 740 4677 caldam:
770 4629 807 4676 sic
826 4626 879 4675 GH
897 4624 977 4689 (hle).
1001 4622 1014 4690 Η
1035 4627 1069 4674 24
1086 4624 1220 4689 perstylia
1242 4625 1271 4672 H
1289 4622 1326 4688 (l).
1353 4620 1365 4688 Η
1392 4625 1426 4673 25
1444 4639 1503 4690 per·

361 4711 434 4760 fecte
454 4713 510 4761 ert:
537 4712 664 4779 perfecta
687 4712 738 4760 GH
761 4711 899 4777 (perlecta
917 4711 1021 4760 et-Lor.
1034 4726 1087 4760 mm
1103 4711 1142 4776 f).
