3784 5625
380 655 444 717 212
870 667 1028 713 vrrsrvu

382 822 540 887 utilitates
568 819 753 907 quibusque
781 819 963 884 rationibus
990 820 1129 883 dueatur
1156 828 1188 882 et
1221 818 1378 906 probetur
1404 820 1439 882 in
1466 818 1525 882 hoc

382 923 548 989 volumine
576 924 687 1009 posui,
716 920 757 984 de
779 923 982 1005 gnomonicis
1004 943 1083 985 vero
1105 920 1203 985 rebus
1226 931 1259 984 et
1284 918 1526 1005 horologiorum

381 1024 566 1090 rationibus
589 1025 775 1109 insequenti
797 1022 1008 1109 perscribam.

713 1364 746 1437 L
759 1366 779 1439 Ι
794 1366 825 1439 Β
841 1365 874 1439 Ε
887 1364 922 1438 R
953 1364 988 1438 N
1006 1362 1039 1438 Ο
1055 1364 1090 1438 Ν
1104 1363 1144 1439 U
1157 1363 1195 1439 S.

349 1564 365 1610 5
467 1548 643 1616 Nobilibus
672 1549 804 1614 athletis
832 1551 891 1637 qui
913 1548 1068 1637 Olympia
1096 1549 1216 1636 Pythia
1244 1547 1382 1612 Isthmia
1404 1548 1527 1611 Nemea
1544 1554 1555 1601 l

383 1654 558 1732 vicissent,
582 1650 783 1717 Graecorum
802 1652 941 1726 maiores
964 1653 1012 1714 ita
1033 1672 1168 1735 magnos
1191 1650 1330 1714 honores
1352 1650 1526 1714 constitue-

382 1763 459 1817 runt
480 1754 530 1816 uti
552 1776 617 1817 non
639 1753 735 1818 modo
758 1754 793 1816 in
814 1763 978 1817 conventu
993 1760 1117 1816 stantes
1137 1773 1211 1815 eum
1232 1750 1341 1838 palma
1356 1761 1390 1816 et
1411 1772 1528 1816 corona

383 1855 491 1918 ferant
513 1852 638 1936 laudes,
662 1854 720 1917 sed
748 1856 844 1919 etiam
874 1878 948 1919 cum
974 1863 1183 1918 revertantur
1209 1855 1244 1917 in
1272 1876 1348 1917 suas
1377 1853 1526 1917 civitates

384 1978 457 2019 cum
480 1956 619 2019 victoria
641 1955 879 2044 triumphantes
901 1956 1072 2043 quadrigis
1094 1958 1130 2019 in
1151 1955 1278 2018 moenia
1294 1964 1326 2018 et
1348 1956 1383 2017 in
1405 1956 1526 2040 patrias

334 2068 366 2115 10
384 2056 580 2120 invehantur
602 2079 620 2120 c
641 2078 741 2143 reque
769 2057 901 2144 publica
927 2069 1086 2144 perpetua
1112 2059 1183 2120 vita
1211 2057 1398 2120 constitutis
1426 2056 1525 2118 vecti-

382 2158 512 2243 galibus
535 2158 695 2222 fruantur.
741 2181 814 2222 cum
838 2182 914 2244 ergo
937 2159 973 2223 id
994 2158 1266 2239 animadvertam,
1290 2156 1436 2221 admiror
1450 2156 1527 2243 quid

382 2262 428 2323 ita
456 2283 521 2324 non
550 2260 764 2346 scriptoribus
795 2260 900 2324 eidem
937 2259 1076 2324 honores
1105 2260 1267 2346 etiamque
1294 2258 1434 2322 maiores
1464 2259 1526 2321 sint

382 2362 514 2444 tributi,
538 2364 594 2449 qui
617 2362 761 2426 infinitas
783 2361 941 2426 utilitates
964 2384 1047 2425 aevo
1070 2372 1227 2448 perpetuo
1249 2360 1399 2425 omnibus
1422 2362 1525 2445 genti-

381 2464 443 2528 bus
472 2474 649 2551 praestant.
699 2464 733 2527 id
762 2466 848 2527 enim
877 2465 982 2547 magis
1011 2472 1080 2526 crat
1106 2462 1235 2526 institui
1258 2461 1410 2547 dignum,
1441 2461 1526 2548 quod

332 2576 363 2624 15
381 2564 523 2629 athletae
546 2587 605 2629 sua
628 2588 763 2652 corpora
786 2566 1075 2629 exercitationibus
1099 2564 1245 2629 efficiunt
1266 2562 1419 2647 fortiora,
1449 2564 1525 2627 seri·

381 2677 490 2754 ptores
513 2689 578 2731 non
601 2665 707 2730 solum
728 2689 804 2731 suos
827 2688 942 2731 sensus
958 2667 1016 2729 sed
1039 2668 1136 2731 etiam
1153 2667 1313 2747 omnium,
1337 2687 1413 2728 eum
1435 2663 1526 2729 libris

381 2768 423 2832 ad
451 2767 646 2832 discendum
674 2777 705 2832 et
732 2770 857 2834 animos
887 2768 1092 2834 exacuendos
1121 2777 1316 2857 praeparant
1343 2774 1525 2855 praccepta.

381 2868 461 2956 quid
476 2871 564 2932 enim
585 2868 666 2933 Milo
687 2869 893 2935 Crotoniates
914 2870 1002 2957 quod
1023 2870 1087 2934 fuit
1108 2871 1249 2934 invictus
1267 2868 1403 2957 prodest
1424 2868 1555 2933 homi-t

380 2971 477 3034 nibus
500 2980 557 3035 aut
584 2973 684 3034 ceteri
712 2975 767 3057 qui
795 2995 833 3036 eo
860 2995 980 3058 genere
1008 2972 1139 3036 fuerunt
1160 2973 1318 3055 victores,
1347 2972 1413 3034 nisi
1441 2969 1525 3057 quod

330 3085 363 3133 20
381 3071 460 3136 dum
488 3074 643 3136 vixerunt
670 3074 735 3160 ipsi
765 3074 851 3137 inter
879 3097 953 3138 suos
982 3075 1071 3137 cives
1099 3074 1284 3138 habuerunt
1311 3071 1525 3137 nobilitatem.

381 3175 588 3261 Pythagorae
622 3197 700 3239 vero
734 3186 908 3262 praecepta
941 3176 1124 3240 Democriti
1157 3175 1303 3239 Platonis
1336 3174 1524 3239 Aristotelis

381 3286 625 3362 ceterorumque
648 3279 843 3364 sapientium
867 3277 1031 3343 cotidiana
1057 3279 1222 3364 perpetuis
1244 3275 1417 3341 industriis
1441 3275 1525 3340 culta

380 3400 445 3441 non
468 3378 572 3442 solum
596 3379 662 3440 suis
686 3380 814 3444 civibus
838 3379 895 3443 scd
919 3381 1018 3442 etiam
1032 3379 1181 3444 omnibus
1204 3379 1357 3464 gentibus
1378 3387 1524 3443 recentes

381 3488 413 3541 et
434 3477 568 3542 floridos
592 3479 693 3543 edunt
721 3480 856 3544 fructus.
901 3481 1060 3566 equibus
1089 3482 1144 3566 qui
1165 3503 1185 3543 a
1212 3482 1334 3544 teneris
1362 3481 1524 3544 aetatibus

448 3705 463 3751 2
482 3703 647 3766 gnominicis
668 3703 719 3753 GH
738 3704 817 3770 (Ide),
837 3680 972 3770 gnomicis
991 3706 1054 3770 (cum
1071 3722 1125 3755 ras.
1143 3721 1225 3771 supra
1242 3706 1279 3770 ie)
1299 3706 1332 3783 Ε.

449 3837 568 3889 vitruvii
586 3838 657 3888 uber
675 3840 742 3890 v111
760 3824 812 3904 (ui
831 3845 946 3890 octavus
967 3838 998 3906 c)
1018 3841 1133 3906 explicit
1151 3828 1252 3906 (crpus
1271 3840 1305 3902 c,
1328 3825 1455 3907 expia).
1482 3841 1522 3890 in-

380 3938 448 4004 cipit
466 3937 539 3989 liber
555 3956 642 3990 nonus
663 3941 713 3991 GH
732 3940 775 4004 (L,
797 3940 911 4005 explicit
928 3924 967 3990 lib
986 3947 1099 3992 octavus
1117 3942 1256 3996 victruvii‚
1284 3941 1359 4010 incip
1378 3927 1417 3992 lib
1436 3919 1528 3991 nonus

379 4026 394 4084 t,
413 4024 527 4074 victurii
546 4024 604 4090 (sic)
624 4025 657 4074 dc
678 4025 865 4075 architectura
882 4026 954 4075 liber
976 4031 1092 4077 octavus
1112 4026 1355 4092 explicit.incipit
1377 4041 1466 4076 nonus
1482 4027 1521 4077 fs·

379 4105 473 4157 liciter
490 4125 511 4165 c,
530 4109 583 4158 sine
602 4111 641 4162 tit.
660 4109 697 4174 Ιι).
1523 4104 1526 4109 ⁵

446 4210 587 4275 bphithia
615 4210 677 4259 EG:
703 4226 750 4261 om.
776 4213 803 4261 H
826 4211 906 4274 (hle).
933 4208 944 4277 ΙΙ
973 4214 1090 4263 nemaeo
1110 4213 1168 4272 GH,
1185 4228 1281 4263 nemea
1299 4213 1332 4263 E.
1358 4209 1370 4280 ΙΙ
1394 4216 1411 4264 8
1431 4214 1522 4264 ferant

378 4293 417 4344 ed.
436 4292 525 4358 (rec.):
544 4295 657 4343 fuerant
674 4294 759 4344 ΕΘΗ.
778 4290 791 4361 ΙΙ
813 4298 844 4346 10
862 4296 996 4346 invehant
1004 4312 1109 4363 urereq3
1129 4299 1158 4347 H
1175 4295 1227 4361 (ΕΙ,
1246 4297 1400 4348 invehenti]
1420 4312 1521 4361 ereque

377 4392 399 4434 c,
419 4376 552 4427 invehant
569 4393 689 4442 uereque
707 4380 731 4437 Ιι,
750 4380 792 4430 ubi
808 4380 853 4430 vel
870 4382 986 4445 iuraque
1003 4398 1084 4446 supra
1101 4398 1152 4434 scr.
1170 4381 1225 4445 Η),
1243 4381 1424 4432 invehantur.
1436 4396 1521 4446 reque

378 4458 688 4526 EG(L0).1112eidem
708 4465 736 4512 H
755 4463 873 4526 (Gchzctz
893 4465 965 4515 idem
984 4467 1008 4515 Ε
1026 4473 1052 4515 et
1069 4473 1128 4516 ante
1141 4483 1208 4517 corr.
1224 4467 1253 4516 G.
1276 4462 1288 4532 ΙΙ
1313 4470 1343 4517 15
1362 4465 1482 4518 athlebe
1494 4468 1523 4516 H

379 4543 434 4609 (L).
458 4540 471 4610 {l
499 4546 530 4595 16
553 4549 671 4596 omnium
691 4544 793 4609 (omniu
813 4550 871 4608 GH,
888 4551 1008 4600 omniurn
1028 4566 1088 4599 cum
1106 4550 1164 4616 epo)
1183 4551 1262 4602 libris
1272 4551 1443 4602 addiscendi
1462 4551 1522 4615 (ad-

377 4627 496 4676 dicendi
508 4629 544 4694 Ε)
565 4635 593 4680 et
612 4629 646 4694 t&
656 4631 699 4695 H)
718 4633 823 4684 animos
842 4636 1015 4686 exacuendos
1032 4651 1059 4700 p.
1071 4652 1098 4700 p.
1118 4635 1203 4686 EGH.
1221 4632 1234 4701 ΙΙ
1250 4638 1283 4686 20
1299 4637 1373 4686 inter
1391 4651 1456 4687 suos
1473 4635 1523 4686 Εθ

376 4708 437 4774 (tc):
455 4710 527 4761 inter
545 4728 593 4763 uos
612 4715 640 4764 H
650 4712 705 4778 (L).
