3784 5625
385 645 445 711 122
870 663 1028 710 vmauvn

381 817 450 903 piat
472 837 515 877 ex
535 815 663 879 theatro
686 814 902 900 choragiaque
924 813 1143 877 laxamentum
1166 813 1308 878 habeant
1329 814 1373 877 ad
1396 836 1521 901 compa·

380 916 528 981 randum.
581 917 631 980 uti
664 925 739 981 sunt
771 918 914 1003 porticus
951 914 1168 1001 Pompeianae
1204 917 1347 1001 itemque
1383 916 1521 981 Athenis

380 1017 524 1107 porticus
546 1016 726 1081 Eumeniae
747 1018 790 1081 ad
811 1017 975 1082 theatrum
996 1017 1170 1102 Patrisque
1191 1016 1305 1080 Liberi
1331 1015 1462 1100 fanum,
1491 1026 1522 1081 et

382 1119 577 1184 exeuntibus
601 1141 618 1182 e
636 1119 763 1183 theatro
779 1121 911 1183 sinistra
925 1128 1018 1206 parte
1033 1118 1161 1199 odeum,
1185 1117 1272 1203 quod
1287 1118 1521 1183 Themistocles

347 1219 540 1285 ocolumnis
576 1220 716 1309 lapideis
750 1221 934 1308 dispositis,
972 1222 1108 1283 navium
1135 1218 1229 1283 malis
1258 1228 1290 1282 et
1317 1221 1479 1284 antemnis
1505 1242 1522 1281 e

381 1321 494 1410 spoliis
509 1322 650 1386 Persicis
672 1324 825 1409 pertexit,
848 1322 936 1386 idem
957 1331 1066 1387 autem
1089 1322 1187 1385 etiam
1209 1322 1379 1384 incensum
1393 1321 1521 1386 Mithri·

381 1423 488 1488 datico
503 1422 588 1488 bello
602 1446 663 1488 rex
674 1424 914 1489 Ariobarzanes
928 1424 1083 1506 restituit,
1100 1423 1260 1509 Smyrnae
1272 1422 1520 1504 Stratoniceum,

380 1522 546 1588 Trallibus
574 1527 718 1612 porticus
742 1549 783 1591 ex
804 1536 941 1611 utraque
971 1535 1062 1612 parte
1090 1546 1226 1588 scaenae
1248 1547 1347 1611 supra
1369 1523 1521 1605 stadium,

381 1626 563 1711 ceterisque
578 1628 767 1693 civitatibus
784 1633 870 1714 quae
884 1626 1108 1711 diligentiores
1124 1627 1308 1691 hahuerunt
1327 1625 1520 1689 architectos

332 1743 363 1790 10
381 1728 468 1791 cirea
488 1727 618 1792 theatra
646 1739 722 1793 sunt
750 1732 894 1815 porticus
918 1737 951 1791 et
971 1726 1219 1792 ambulationes.
1264 1750 1346 1814 quae
1369 1728 1553 1792 videntur?

381 1831 428 1893 ita
450 1838 599 1917 oportere
622 1831 782 1914 conlocari
804 1832 852 1895 uti
875 1829 1021 1916 duplices
1038 1832 1104 1893 sint
1123 1829 1329 1915 habeantque
1345 1831 1521 1893 exteriores

381 1931 546 1996 columnas
575 1931 702 1996 doricas
735 1955 809 1995 cum
837 1932 999 2018 epistyliis
1032 1938 1064 1994 et
1097 1932 1294 1995 ornamentis
1329 1953 1372 1994 ex
1399 1932 1522 1995 ratione

380 2032 609 2097 modulationis
632 2032 803 2121 perfectas.
840 2033 1030 2097 latitudines
1050 2041 1159 2096 autem
1179 2054 1289 2096 carum
1309 2034 1357 2097 ita
1376 2042 1522 2119 oportere

380 2135 452 2199 fieri
475 2135 629 2199 videntur
649 2136 698 2199 uti
720 2145 842 2221 quanta
862 2134 1036 2198 altitudine
1059 2134 1227 2198 columnae
1248 2134 1369 2212 fuerint
1384 2135 1521 2198 exterio-

332 2249 363 2299 15
380 2259 444 2320 res,
466 2246 592 2302 tantam
614 2236 822 2302 latitudinem
842 2237 985 2301 habeant
1005 2236 1048 2300 ab
1069 2235 1224 2301 inferiore
1245 2245 1338 2324 parte
1361 2236 1521 2299 columna·

380 2362 454 2404 rum
481 2349 699 2404 extremarum
726 2341 769 2403 ad
796 2339 931 2403 medias
951 2348 983 2402 et
1004 2360 1024 2400 a
1046 2338 1205 2402 medianis
1233 2336 1276 2401 ad
1303 2340 1446 2424 parietes
1468 2339 1522 2424 qui

381 2440 639 2506 circumcludunt
666 2444 809 2528 porticus
839 2440 1087 2504 ambulationes.
1137 2439 1307 2503 medianae
1334 2449 1444 2504 autem
1470 2461 1522 2502 co-

381 2542 509 2606 lumnae
540 2545 652 2630 quinta
679 2554 771 2631 parte
797 2543 929 2607 altiores
958 2543 1023 2606 sint
1046 2564 1143 2628 quam
1164 2543 1342 2607 exteriores
1349 2591 1358 2624 ‚
1388 2541 1446 2605 sed
1468 2550 1522 2604 aut

380 2646 487 2708 ionico
506 2654 563 2708 aut
583 2645 742 2710 corinthio
763 2667 882 2729 genere
903 2644 1136 2708 deformentur.
1178 2643 1401 2708 columnarum
1414 2653 1551 2707 autema

272 2775 274 2786 ·
330 2758 364 2807 20
380 2747 607 2833 proportiones
630 2754 662 2808 et
684 2748 892 2834 symmetriae
914 2734 979 2811 non
1002 2755 1097 2809 erunt
1123 2746 1227 2809 isdem
1246 2746 1430 2809 rationibus
1453 2746 1521 2831 qui-

380 2847 442 2910 bus
463 2850 498 2910 in
519 2846 655 2910 aedibus
678 2849 778 2912 sacris
801 2849 928 2934 scripsi.
965 2848 1062 2912 aliam
1086 2849 1172 2911 enirn
1193 2850 1228 2911 in
1243 2847 1378 2911 deorum
1393 2845 1521 2933 templis

368 2947 644 3025 ,debenehabere
664 2951 872 3033 gravitatem,
895 2949 992 3013 aliam
1014 2951 1049 3013 in
1071 2949 1250 3036 porticibus
1266 2959 1299 3012 et
1314 2951 1432 3013 ceteris
1447 2969 1520 3034 ope·

380 3049 472 3114 ribus
494 3048 721 3114 subtilitatem.
762 3053 872 3137 itaque
894 3053 922 3114 si
944 3052 1047 3115 dorici
1074 3052 1203 3136 generis
1226 3060 1321 3114 erunt
1342 3049 1520 3130 columnae,

382 3153 594 3216 dimetiantur
622 3174 731 3216 earum
763 3151 954 3216 altitudines
984 3174 1057 3216 curn
1085 3152 1236 3239 capitulis
1264 3154 1299 3216 in
1326 3161 1435 3238 partes
1462 3169 1519 3214 xv.

330 3271 363 3321 25
381 3277 423 3320 ex
445 3257 492 3318 eis
515 3254 664 3340 partibus
691 3277 756 3318 una
784 3256 999 3319 constituatur
1027 3265 1059 3317 et
1086 3255 1143 3318 fiat
1170 3252 1336 3337 modulus,
1365 3253 1409 3316 ad
1432 3254 1521 3317 cuius

380 3356 505 3420 moduli
526 3357 686 3419 rationem
708 3359 820 3421 omnis·
835 3359 940 3442 operis
965 3357 1027 3419 erit
1049 3355 1234 3441 explicatio.
1271 3356 1360 3419 etin
1381 3356 1447 3419 imo
1470 3376 1520 3419 co-

379 3455 509 3520 lumnae
531 3457 713 3522 crassitudo
740 3458 797 3521 fiat
825 3458 964 3523 duorum
990 3456 1211 3540 modulorum,
1238 3457 1521 3520 intercolumnium

331 3594 340 3620 ι
382 3559 524 3646 quinque
547 3554 579 3621 el
601 3557 723 3621 moduli
746 3559 884 3622 dimidia
905 3568 1013 3645 parte,
1041 3558 1181 3622 altitudo
1204 3558 1372 3621 columnae
1393 3567 1545 3644 praeter-

381 3660 559 3746 capitulum
581 3678 660 3724 xllfl
685 3660 903 3744 modulorum,
933 3659 1070 3748 capituli
1095 3659 1235 3723 altitudo
1259 3659 1383 3724 moduli
1413 3661 1519 3741 unius,

448 3854 464 3901 3
481 3851 633 3900 Eumeniac
651 3851 717 3900 Fea:
737 3867 798 3900 eum
810 3851 918 3900 meneci
930 3858 988 3900 ante
1000 3865 1070 3902 corr.
1090 3850 1120 3910 6,
1133 3848 1268 3898 eumenici
1280 3850 1309 3897 H
1320 3849 1374 3911 (m,
1388 3846 1521 3927 eumvrire·

380 3968 437 4002 mer
451 3953 493 4014 00,
508 3952 641 4002 eumeniei
650 3951 700 4015 cll).
715 3952 749 4002 ad
760 3953 900 4003 theatrum
910 3952 1000 4014 (Pars.
1012 3955 1036 4011 1,
1046 3951 1090 4014 20)
1103 3950 1235 4000 sublunari!
1246 3950 1317 4002 Mar.
1335 3946 1347 4016 ΙΙ
1363 3952 1379 4000 5
1391 3951 1472 3999 malis
1485 3950 1519 3998 L:

380 4037 453 4086 milis
467 4038 519 4087 GH
530 4035 584 4101 (lc).
599 4033 613 4102 ss
628 4040 644 4086 6
663 4040 755 4086 antem
775 4039 871 4087 etiam:
889 4040 927 4088 sic
940 4037 992 4086 GH
1002 4033 1081 4100 (hle),
1098 4031 1110 4101 ss
1126 4035 1269 4084 incensum
1281 4050 1328 4085 om.
1344 4035 1365 4084 6
1384 4034 1432 4097 (ad
1441 4049 1518 4097 marp.

379 4125 463 4186 suppl.
483 4121 538 4185 Hc).
562 4119 574 4186 [1
597 4122 833 4172 ‘IStratonieeum
851 4124 892 4171 ed.
915 4121 994 4170 Vera:
1021 4124 1119 4169 siratro
1138 4134 1246 4168 meeum
1265 4118 1294 4178 G,
1313 4123 1519 4169 siratromceum

380 4208 409 4255 H
431 4205 477 4268 (le,
501 4210 629 4257 srratronr
650 4222 729 4257 ceum
751 4207 795 4269 L).
824 4201 836 4272 {l
862 4207 879 4254 8
901 4205 1042 4256 Trallibus
1064 4207 1117 4254 ed:
1145 4202 1269 4253 trudibus
1290 4203 1324 4265 6,
1348 4204 1475 4253 trabibus
1493 4203 1521 4251 H

380 4288 460 4352 (Lle).
483 4286 495 4356 ΙΙ
517 4294 596 4354 parte
619 4306 739 4340 scaenae
761 4292 895 4340 Perrault:
926 4296 1006 4355 parte
1024 4292 1055 4338 nt
1077 4304 1180 4338 scaena
1199 4287 1293 4350 (scene
1313 4287 1345 4350 6)
1370 4289 1429 4338 6Η.
1454 4284 1467 4352 Η
1491 4289 1520 4335 ta

380 4373 521 4424 columnas
538 4377 567 4424 H
585 4372 682 4438 (solus).
706 4373 718 4440 ss
742 4377 773 4426 13
792 4374 987 4425 modulationis
1005 4377 1059 4427 ed:
1085 4372 1287 4422 mudulationes
1307 4372 1337 4434 6,
1357 4372 1517 4422 modulatio·

380 4474 430 4508 nes
448 4460 479 4508 H
496 4456 614 4522 (dohec).
639 4457 651 4525 ΙΙ
676 4461 709 4509 14
727 4459 872 4509 altitudine
895 4461 948 4512 ed:
972 4458 1090 4508 altitudo
1112 4458 1169 4507 GH.
1183 4453 1204 4521 Π
1227 4456 1331 4505 fuerint
1349 4455 1411 4504 Llc:
1435 4454 1520 4504 fuerit

381 4543 440 4595 6Η.
462 4539 475 4608 ll
499 4545 530 4592 19
549 4547 640 4592 autem
660 4544 692 4593 G:
712 4560 758 4597 om.
778 4544 806 4592 H
824 4541 902 4607 (Llc).
926 4539 939 4609 ll
961 4544 995 4592 24
1012 4542 1217 4608 dementiantur
1236 4542 1283 4598 6⁶,
1303 4540 1433 4602 demetrio
1451 4556 1467 4588 e
1484 4555 1520 4588 ex

379 4628 458 4688 ipsius
476 4642 544 4679 corr.
562 4626 723 4685 Hltriantur
741 4628 769 4678 H
787 4623 868 4692 (Εἰς),
891 4623 904 4693 [l
926 4628 959 4676 26
983 4627 1013 4675 in
1035 4627 1088 4674 imo
1110 4625 1181 4674 dea:
1205 4625 1235 4673 in
1256 4625 1344 4688 primo
1369 4624 1428 4673 GH.
1453 4619 1465 4687 ΙΙ
1487 4623 1520 4671 29

294 4709 298 4716 “
380 4706 564 4773 moduqlorum
583 4710 625 4761 6⁶.
