3784 5625
678 633 725 680 on
748 633 1018 684 nncnmnoruaa
1040 638 1107 687 ma.
1130 640 1205 687 vm.
1455 629 1515 694 183

371 787 439 851 dici
469 796 590 850 cretam
625 786 813 851 selinusiam
844 797 900 854 aut
934 789 1114 855 anulariam
1141 784 1261 876 vitro,
1280 795 1364 881 quod
1395 796 1515 863 Graeci
1566 802 1568 806 ⁴

371 906 483 954 ισατιν
498 886 676 975 appellant,
691 889 884 973 inficientes,
899 893 1115 956 imitationem
1129 893 1253 959 faciunt
1267 896 1369 961 indici
1385 898 1513 964 coloris.

334 1005 351 1052 3
456 988 587 1071 Quibus
616 990 797 1056 rationibus
821 1001 854 1056 et
880 992 977 1073 rebus
1005 993 1047 1056 ad
1076 994 1323 1081 dispositionem
1349 1000 1512 1071 firmitatis

369 1091 554 1178 quibusque
576 1092 710 1158 decoras
733 1103 880 1180 oporteat
902 1095 974 1158 fieri
995 1096 1151 1182 picturas,
1173 1099 1252 1162 item
1267 1122 1348 1186 quas
1370 1100 1512 1167 habeant

368 1216 480 1258 omnes
504 1190 626 1259 colores
648 1195 683 1258 in
706 1213 740 1260 se
762 1205 958 1281 potestates,
982 1206 1017 1261 ut
1039 1196 1119 1262 mihi
1142 1221 1329 1265 succurrere
1350 1205 1456 1288 potuit
1477 1207 1512 1269 in
1531 1220 1546 1267 5
1650 1279 1653 1286 ‚

367 1294 429 1360 hoc
444 1294 530 1359 libro
544 1297 730 1383 perscripsi.
767 1298 878 1383 itaque
893 1320 1004 1363 omnes
1019 1299 1281 1366 aedificationum
1296 1304 1511 1389 perfectiones

368 1418 465 1483 quam
488 1396 610 1462 babere
632 1397 774 1464 debeant
796 1401 1072 1488 opportunitatem
1093 1403 1362 1489 ratiocinationis,
1386 1416 1510 1493 septem

367 1496 589 1563 voluminibus
603 1510 679 1565 sunt
700 1500 826 1585 finitae,
850 1503 1036 1589 insequenti
1050 1513 1159 1568 autern
1174 1506 1215 1570 de
1229 1528 1324 1593 aqua,
1347 1509 1376 1571 si
1391 1509 1509 1594 quibus

366 1599 447 1665 locis
473 1623 539 1665 non
568 1600 684 1686 fuerit,
719 1604 991 1690 quemadmodum
1018 1607 1205 1671 inveniatur
1233 1618 1265 1673 et
1293 1631 1357 1694 qua
1383 1612 1508 1675 ratione

366 1702 506 1767 ducatur
527 1703 711 1790 quibusque
733 1704 831 1771 rebus
855 1706 883 1770 si
906 1707 968 1771 erit
996 1706 1137 1774 salubris
1160 1718 1192 1773 et
1214 1709 1331 1776 idonea
1353 1712 1509 1797 probetur
1528 1728 1559 1775 10

366 1803 547 1892 explicabo.
1209 1807 1211 1811 ’

641 2103 851 2239 araas
896 2127 1218 2270 oornvus.

310 2368 343 2434 x1
398 2355 404 2362 '
446 2348 499 2412 De
527 2357 652 2435 septem
682 2350 883 2437 sapientibus
906 2349 1026 2413 Thales
1049 2349 1198 2415 Milesius
1226 2354 1369 2416 omnium
1397 2375 1504 2416 rerum

362 2451 560 2537 principium
576 2471 694 2535 aquam
710 2460 759 2515 est
781 2450 957 2538 professus,
981 2450 1168 2515 Heraclitus
1180 2441 1310 2536 ignem,
1333 2454 1504 2538 Magorum

362 2551 548 2616 sacerdotes
574 2574 691 2637 aquam
715 2562 746 2618 et
772 2554 898 2637 ignem,
928 2550 1105 2637 Euripides
1127 2554 1255 2617 auditor
1276 2554 1503 2639 Anaxagorae,
1524 2579 1555 2626 15

362 2676 459 2740 quem
473 2651 702 2739 philosophum
717 2654 937 2731 Athenienses
954 2656 1139 2719 scaenicum
1154 2652 1412 2741 appellaverunt,
1429 2678 1504 2719 aera

361 2764 394 2820 et
420 2764 541 2821 terram
565 2776 699 2841 eamque
721 2777 738 2819 e
761 2755 950 2822 caelestium
978 2756 1133 2822 imbrium
1159 2756 1425 2844 conceptionibus
1454 2760 1502 2822 in-

361 2856 554 2922 seminatam
581 2856 668 2923 fetus
695 2859 843 2942 gentium
871 2868 903 2924 et
931 2859 1075 2925 omnium
1101 2858 1291 2924 animalium
1312 2859 1355 2937 ,in
1382 2859 1503 2925 mundo

359 2956 600 3046 procreavisse,
629 2967 661 3022 et
683 2981 766 3045 quae
795 2981 836 3024 ex
866 2981 904 3023 ea
927 2969 1037 3024 essent
1066 2969 1226 3047 prognata
1247 2982 1321 3024 cum
1343 2959 1502 3026 dissolve-

358 3069 472 3126 rentur
492 3069 675 3148 temporum
697 3063 892 3126 necessitate
907 3071 1035 3144 coacta,
1058 3063 1093 3125 in
1108 3059 1243 3125 eandem
1259 3061 1383 3145 redire,
1405 3084 1501 3148 quae·
1520 3087 1553 3133 ao

360 3184 422 3249 que
438 3156 480 3225 dc
499 3183 574 3226 aere
593 3172 803 3226 nascerentur
825 3164 904 3226 item
925 3163 961 3226 in
982 3161 1063 3226 caeli
1084 3163 1233 3247 regiones
1254 3163 1376 3228 reverti
1397 3185 1502 3248 neque

358 3265 564 3329 interitiones
589 3264 735 3352 recipere
757 3273 789 3329 et
815 3263 1029 3330 dissolutione
1056 3272 1181 3328 munta
1207 3265 1242 3329 in
1264 3286 1335 3329 eam
1356 3265 1501 3328 recidere

426 3534 440 3588 l
459 3534 620 3589 selinusiam
637 3538 693 3588 Ioc.
714 3536 738 3602 (e
756 3540 821 3589 Ptin.
842 3541 884 3598 35,
898 3518 955 3602 Idl:
975 3538 1105 3602 sinysiam
1123 3539 1160 3602 H,
1178 3537 1303 3590 sinisiam
1322 3539 1379 3590 EG.
1395 3534 1407 3605 ΙΙ
1429 3540 1501 3589 vitro

358 3620 431 3687 quod
452 3620 543 3674 Sela:
570 3623 696 3687 vitroque
720 3623 790 3687 quod
809 3622 889 3672 aeli
909 3621 956 3685 (L,
980 3626 1094 3689 utroque
1116 3619 1228 3689 quodie
1247 3617 1307 3689 [u]).
1330 3619 1343 3688 Η
1366 3624 1381 3672 2
1406 3621 1499 3674 ἴσατιν

359 3704 491 3756 Tmnebus
518 3702 631 3772 (bousb
667 3704 789 3756 insallim
819 3706 900 3756 EGII
925 3707 1027 3769 (istaen
1054 3708 1138 3772 epit).
1166 3704 1178 3773 ΙΙ
1206 3706 1319 3771 coloris]
1346 3709 1393 3757 tac
1421 3725 1499 3772 usque

356 3788 392 3842 Ε.
418 3783 432 3856 ΙΙ
457 3791 474 3840 3
501 3789 747 3856 addispositionem
776 3790 927 3842 firmitatis:
962 3792 1000 3840 sic
1028 3792 1113 3844 EGII.
1142 3788 1154 3857 ss
1181 3793 1197 3840 6
1220 3789 1442 3841 aedificationum
1470 3792 1503 3838 H

357 3871 443 3938 (Lle):
466 3870 606 3925 edifitiorr'r
626 3875 655 3926 G.
679 3871 690 3940 ΙΙ
718 3875 989 3940 ‘t'ratiooinationib3
1007 3876 1039 3926 L.
1064 3871 1076 3940 ΙΙ
1100 3877 1131 3925 10
1153 3872 1270 3925 ducatur
1292 3875 1325 3923 H
1345 3872 1429 3940 (Ltc):
1457 3876 1498 3923 in·

355 3957 475 4009 dueatur
493 3959 522 4014 G.

424 4077 539 4129 vitruvii
560 4076 632 4128 liber
655 4077 723 4128 ·VII·
753 4078 867 4143 explicit
890 4077 993 4143 (explid
1011 4077 1053 4139 G).
1083 4075 1183 4140 incipit
1209 4075 1279 4125 liber
1301 4079 1416 4126 octavus
1439 4075 1497 4139 (litt.

354 4160 426 4227 mai.)
443 4163 497 4212 GII
511 4161 638 4227 (explicit
655 4161 726 4213 liber
744 4162 811 4213 ·VII·
835 4163 934 4227 incipit
950 4162 1021 4211 liber
1033 4165 1147 4211 octavus
1160 4160 1191 4218 L,
1211 4159 1324 4224 explicit
1339 4159 1409 4209 liber
1427 4161 1495 4210 ·VIl·

354 4245 594 4312 vitruvii.ineipit
609 4247 680 4299 liber
693 4252 809 4299 octavus
823 4250 840 4306 I,
857 4246 969 4296 victurii
984 4245 1056 4296 liber
1077 4245 1145 4295 ·VII·
1164 4243 1288 4309 explicit.
1308 4244 1406 4309 incipit
1419 4250 1495 4295 octa-

354 4345 406 4382 vus
424 4347 445 4390 c,
463 4320 518 4382 itae
535 4335 574 4385 ιιι.
592 4330 628 4397 t).
932 4335 936 4340 ’

423 4435 455 4484 13
470 4432 602 4497 praefatio
619 4431 681 4486 libri
700 4433 777 4482 VIII
792 4432 926 4482 eadibetur
944 4434 1062 4482 edurata
1075 4432 1110 4482 E.
1126 4426 1138 4495 ΙΙ
1161 4432 1191 4481 Π
1210 4431 1301 4481 soll:
1320 4434 1349 4481 et
1367 4429 1414 4496 (dr)
1434 4433 1465 4486 Ε.
1481 4431 1493 4498 Η

353 4519 388 4568 20
405 4517 576 4570 necessitate
594 4515 631 4567 a:
656 4521 747 4568 -tatc
767 4516 819 4568 GH
835 4514 890 4580 (tt,
908 4519 998 4566 -tem
1020 4515 1071 4580 ct).
1095 4512 1107 4581 ΙΙ
1131 4515 1245 4566 eandem
1263 4515 1324 4566 EG:
1349 4515 1444 4567 eadem
1467 4517 1495 4566 II

355 4600 437 4665 (Llc).
455 4597 468 4668 [1
490 4605 521 4652 21
540 4601 641 4654 desere
660 4601 722 4654 EG:
742 4602 775 4651 de
794 4601 847 4651 hac
859 4615 887 4650 re
906 4601 937 4648 H
954 4599 1035 4663 (Llc).
1058 4597 1070 4669 ΙΙ
1093 4605 1272 4652 nascerentur
1290 4601 1326 4650 h:
1345 4605 1495 4652 nascentur

355 4685 435 4736 Is'GH
452 4682 530 4752 (kl-ll
553 4688 586 4736 22
606 4689 634 4738 et
656 4685 691 4753 (dt
708 4685 787 4751 EHJ:
809 4687 847 4737 sio
864 4684 950 4738 EGH.
974 4681 986 4752 ΙΙ
1013 4685 1042 4734 'm
1065 4686 1376 4753 eam-proprietatem
1393 4702 1440 4738 ona
1459 4687 1492 4737 Ε.
