3784 5625
688 664 735 711 nn
758 663 1027 712 secundorum
1050 665 1119 711 ms.
1136 665 1183 711 rx.
1442 648 1506 712 219

329 820 517 883 rinventus
550 818 682 882 effectus
715 818 751 880 in
782 816 914 881 mundo.
968 816 1109 881 mundus
1142 826 1251 882 autem
1283 827 1333 882 est
1364 819 1507 883 omnium

363 930 501 985 naturae
523 942 632 984 rerum
655 920 824 1006 conceptio
848 942 973 987 summa
994 918 1182 1005 caelumque
1198 919 1361 984 sideribus
1377 929 1409 984 et
1431 919 1507 985 stel-

363 1023 469 1086 larum
492 1023 639 1086 cursibus
656 1021 900 1085 conformatum.
944 1021 981 1084 id
1002 1020 1147 1085 volvitur
1167 1022 1371 1085 continenter
1385 1022 1509 1085 circum

364 1136 487 1189 terram
509 1134 607 1210 atque
628 1146 717 1186 mare
745 1146 804 1210 per
826 1123 898 1187 axis
923 1123 1072 1187 cardines
1096 1131 1269 1187 extremos.
1313 1146 1452 1211 namque
1474 1126 1508 1189 in

364 1227 415 1290 his
439 1226 520 1291 loeis
542 1225 699 1290 naturalis
723 1234 866 1312 potestas
889 1226 934 1289 ita
957 1224 1170 1289 architectata
1193 1234 1241 1289 est
1263 1224 1508 1312 conlocavitque
1527 1239 1542 1288 5

319 1377 324 1381 -
366 1327 517 1393 cardines
541 1337 705 1413 tamquam
728 1336 854 1408 centra,
883 1349 984 1390 unum
1006 1348 1026 1389 a
1048 1337 1135 1391 terra
1158 1337 1189 1391 et
1216 1328 1299 1391 mari
1327 1329 1362 1391 in
1383 1350 1508 1392 summo

365 1430 488 1495 mundo
517 1452 555 1493 ac
584 1438 658 1515 post
685 1430 774 1516 ipsas
803 1426 913 1491 stellas
942 1430 1218 1515 septentrionum,
1253 1428 1392 1492 alterum
1419 1439 1508 1494 trans

369 1542 483 1597 eontra
505 1530 566 1594 sub
594 1541 681 1594 terra
708 1532 743 1594 in
768 1530 958 1594 meridianis
984 1530 1149 1617 partibus,
1178 1530 1289 1616 ibique
1312 1532 1432 1595 circum
1455 1554 1510 1596 eos

367 1634 518 1697 cardines
547 1631 708 1697 orbiculos
732 1633 853 1695 circum
883 1642 993 1696 centra
1014 1635 1062 1697 uti
1090 1635 1124 1696 in
1150 1641 1244 1697 torno
1272 1632 1426 1719 perfecit,
1455 1634 1511 1719 qui

366 1756 485 1821 graece
513 1737 611 1799 πολοι
639 1735 864 1816 nominantur,
899 1755 957 1821 per
990 1756 1070 1820 quos
1103 1732 1279 1822 pervolitat
1311 1735 1561 1821 sempiternom

369 1836 505 1901 caelum.
556 1837 604 1899 ita
629 1836 739 1899 media
767 1844 853 1900 terra
880 1858 955 1901 cum
980 1836 1064 1900 mari
1091 1835 1194 1899 centri
1222 1834 1292 1912 loco
1320 1836 1512 1901 naturaliter

332 1950 418 2006 cest
445 1936 621 2003 conlocata.
676 1935 728 2001 bis
756 1947 872 2002 natura
900 1937 1070 2025 dispositis
1105 1938 1152 2002 ita
1184 1937 1233 2002 uti
1266 1939 1511 2025 septentrionali

368 2050 461 2129 parte
483 2062 502 2103 a
524 2049 611 2103 terra
634 2039 794 2104 excelsius
817 2039 935 2104 habeat
957 2039 1164 2104 altitudinem
1186 2049 1343 2122 centrum,
1366 2042 1402 2106 in
1416 2042 1511 2106 meri·

368 2142 467 2206 diana
493 2151 601 2204 autem
629 2150 722 2228 parte
749 2143 784 2205 in
818 2141 1029 2206 inferioribus
1062 2140 1142 2206 locis
1171 2140 1352 2205 subiectum
1379 2164 1398 2204 a
1426 2152 1512 2205 terra

369 2244 576 2324 obscuretur,
605 2252 683 2306 tunc
706 2244 804 2307 etiam
832 2265 890 2331 per
911 2242 1055 2307 medium
1081 2253 1268 2307 transversa
1296 2252 1328 2305 et
1356 2242 1563 2307 inclinatam

369 2347 404 2408 in
436 2345 606 2408 meridiem
639 2344 752 2409 circuli
787 2344 853 2407 lata
884 2367 967 2410 zona-
999 2362 1051 2407 ΧΗ
1082 2344 1185 2427 signis
1219 2352 1268 2407 est
1300 2345 1512 2410 conformata.

370 2467 453 2534 quae
475 2467 587 2510 eorum
609 2447 735 2533 species
751 2446 854 2510 stellis
875 2445 1045 2531 dispositis
1060 2463 1110 2508 xil
1134 2444 1282 2530 partibus
1306 2448 1512 2531 peraequatis

372 2549 528 2634 exprimit
552 2548 715 2635 depictam
743 2548 785 2612 ab
807 2558 924 2611 natura
952 2547 1190 2631 figurationem.
1235 2547 1344 2632 itaque
1372 2545 1513 2611 lucentia

371 2672 446 2713 cum
483 2649 604 2713 mundo
640 2648 839 2736 reliquisque
874 2648 1037 2713 sideribus
1078 2658 1192 2711 ornatu
1229 2650 1350 2711 circum
1391 2657 1513 2713 terram

370 2773 525 2838 mareque
548 2750 752 2840 pervolantia
768 2774 880 2816 cursus
905 2749 1077 2838 perficiunt
1098 2749 1140 2814 ad
1162 2748 1244 2814 caeli
1266 2750 1510 2816 rotunditatem.
1531 2762 1564 2811 ‘20

333 2872 350 2918 4
372 2857 480 2923 omnia
501 2866 610 2918 autem
632 2855 766 2918 visitata
789 2865 821 2918 et
842 2855 1012 2916 invisitata
1033 2863 1214 2938 temporum
1230 2855 1425 2918 necessitate
1440 2869 1515 2917 sunt

372 2958 558 3022 constituta.
604 2957 784 3042 exquibus
813 2978 872 3019 sex
895 2956 989 3038 signa
1017 2976 1150 3018 numero
1173 2977 1271 3041 supra
1299 2967 1417 3019 terram
1441 2974 1526 3018 cum·

326 3049 330 3057 ⁸
372 3057 461 3122 caelo
476 3067 711 3144 pervagantur,
736 3067 843 3121 cetera
858 3057 918 3120 sub
934 3069 1053 3120 terram
1069 3056 1242 3120 subeuntia
1256 3056 1297 3120 ab
1313 3058 1382 3121 eius
1400 3057 1515 3121 umbra

335 3175 337 3187 '
371 3161 596 3242 obscurantur.
640 3183 699 3224 sex
721 3169 829 3224 autem
852 3181 894 3223 ex
915 3159 967 3222 his
990 3180 1118 3245 semper
1140 3179 1238 3244 supra
1265 3170 1385 3222 terram
1405 3160 1513 3222 nitun-

371 3274 436 3328 tur.
482 3272 602 3348 quanta
635 3284 718 3349 pars¹
733 3263 819 3325 enim
845 3241 1018 3327 novissimi
1047 3260 1134 3344 signi
1162 3260 1372 3347 depressione
1403 3271 1514 3324 coacta
1533 3269 1566 3316 25

371 3365 558 3428 versatione
590 3364 722 3428 subiens
741 3364 812 3429 -sub
846 3375 966 3428 terram
994 3362 1190 3443 occultatur,
1225 3356 1417 3427 tantundem
1446 3364 1515 3427 eius

372 3466 527 3530 contrarii
579 3466 772 3530 versationis
821 3466 1015 3530 necessitate
1063 3486 1309 3551 supergressum
1355 3465 1516 3530 rotatione

443 3709 458 3753 2
483 3710 510 3752 et
533 3704 674 3753 stellarum
699 3705 822 3754 cursibus
845 3706 908 3754 EG:
940 3722 986 3757 om.
1011 3707 1038 3754 H
1061 3702 1141 3769 (ΕΗ).
1166 3703 1178 3771 ΙΙ
1205 3709 1221 3755 3
1245 3708 1443 3755 conformatum
1469 3706 1515 3755 6⁶:

371 3796 454 3839 -tns
474 3786 534 3850 (sic)
554 3788 610 3838 ΕΗ
626 3788 695 3851 (Lle)
715 3795 740 3838 et
758 3796 816 3838 ante
835 3805 903 3840 corr.
925 3791 954 3840 Θ.
975 3787 987 3856 Η
1010 3791 1161 3840 detmari
1185 3788 1225 3850 (et
1244 3805 1261 3838 a
1278 3793 1347 3839 mari
1368 3790 1450 3849 Joe.):
1477 3790 1517 3838 in-

372 3876 450 3924 mani
468 3874 553 3922 EGH.
574 3871 585 3938 l}
607 3877 623 3923 9
641 3872 780 3922 orbiculos
799 3873 901 3922 circum
920 3879 1017 3924 centra
1035 3876 1088 3923 uti:
1106 3876 1145 3923 sic
1162 3874 1249 3922 ΕΘΗ.
1267 3871 1279 3939 ΙΙ
1296 3877 1328 3923 10
1345 3875 1429 3923 actos
1447 3874 1516 3925 dea:

373 3960 461 4026 pasde
480 3959 558 4008 EGH
582 3957 643 4023 (pas
662 3954 893 4022 delnominantur
914 3957 980 4014 ΕΗ,
1003 3958 1126 4022 pasdeno
1148 3957 1286 4006 minantur
1305 3957 1338 4014 Θ,
1361 3959 1410 4005 sed
1431 3957 1516 4020 pasde

374 4044 552 4094 nominantur
571 4043 624 4106 60).
643 4039 655 4108 Η
670 4045 702 4091 13
716 4041 861 4092 altitudine
879 4041 907 4090 H
926 4041 990 4104 (Θοὶ,
1011 4058 1104 4092 -nem
1119 4040 1180 4104 Lol:
1200 4056 1268 4090 —ne
1286 4040 1311 4088 Ε
1329 4046 1354 4088 et
1372 4047 1431 4090 ante
1448 4054 1518 4092 corr.

377 4130 406 4180 Θ.
431 4125 443 4194 ll
467 4129 499 4176 14
517 4135 596 4192 parte
614 4128 642 4175 in
661 4126 710 4175 EG
728 4123 787 4190 (lc),
810 4127 918 4190 partein
941 4125 999 4190 (stc)
1019 4128 1049 4175 H
1065 4126 1182 4190 (partem
1202 4124 1245 4187 L).
1269 4121 1281 4190 ΙΙ
1305 4126 1341 4173 16
1363 4124 1422 4174 late
1440 4124 1516 4175 Selia.

376 4197 472 4277 (eam
485 4211 578 4261 derata
588 4211 673 4261 son.
687 4207 698 4276 ιι
712 4212 742 4259 rs
756 4206 792 4272 (a
806 4208 847 4273 ιτ)
861 4209 927 4260 nn:
939 4210 1073 4261 seren.
1090 4205 1101 4275 ῃ
1118 4211 1150 4258 1s
1163 4209 1210 4257 ab:
1228 4209 1267 4257 sc
1278 4208 1364 4256 nen.
1383 4204 1395 4271 ιι
1412 4210 1443 4257 19
1455 4208 1518 4257 ren-

377 4298 492 4362 quisque
511 4296 649 4346 sideribus
662 4296 762 4345 ornatu
781 4291 882 4356 (—tum
893 4293 928 4356 Ε)
948 4294 1026 4343 ΕΘΗ
1045 4292 1155 4355 (ornatu
1168 4290 1236 4357 epo).
1257 4288 1270 4357 ΙΙ
1288 4291 1516 4341 2l·necessitate:

375 4384 413 4432 sic
430 4381 517 4434 ΕΘΗ.
541 4383 552 4448 ΙΙ
575 4384 607 4431 22
627 4379 777 4444 exquibus
797 4375 885 4441 (rec.):
905 4379 1001 4442 exquis
1020 4377 1105 4426 EGH.
1129 4373 1140 4440 ΙΙ
1163 4379 1196 4427 23
1215 4377 1249 4426 ab
1270 4377 1330 4426 eius
1342 4376 1404 4426 EG:
1422 4377 1457 4426 ab
1477 4377 1518 4427 eis

378 4469 407 4516 H
421 4464 536 4530 (ΘθΕῖε).
552 4463 565 4532 Η
581 4467 614 4514 24
625 4466 820 4515 obserurantur
834 4462 856 4511 Θ
868 4459 929 4524 (non
944 4462 986 4526 Ε).
1006 4457 1018 4527 ΙΙ
1032 4475 1093 4510 sex:
1113 4461 1171 4510 Rex
1183 4467 1242 4510 ante
1254 4476 1324 4510 corr.
1339 4461 1361 4510 Θ
1373 4460 1434 4523 (noa
1446 4459 1491 4523 Ε).
1503 4458 1515 4526 ΙΙ

376 4553 409 4604 27
430 4551 560 4602 contrarii
577 4549 662 4599 Mon:
689 4548 844 4598 contrariae
862 4545 949 4596 ΕΘΗ.
974 4542 985 4612 ΙΙ
1012 4544 1179 4596 versationis
1200 4546 1270 4597 doc:
1299 4545 1518 4595 conversationis

377 4634 463 4687 EGH.
485 4630 496 4698 Η
520 4649 725 4699 supergressum
737 4648 797 4698 epo:
817 4630 895 4695 sup(b
908 4627 1135 4694 G)pre(eeH)ssa
1147 4629 1232 4679 ΕΘΗ.
1256 4624 1268 4695 ΙΙ
1291 4629 1428 4680 rotatione
1446 4630 1531 4688 Joee,

377 4719 520 4769 notatione
540 4718 625 4772 EGH.
