3784 5625
418 660 437 723 6
913 670 1071 717 vrranvn

417 829 515 895 rebus
542 850 562 891 a
590 824 791 914 philosophis
827 825 888 887 erit
920 824 1100 888 institutus.
1159 826 1306 889 musicen
1338 831 1446 887 autem
1481 822 1599 890 sciat8

418 939 555 1018 oportet,
578 931 625 993 uti
648 928 836 991 canonicam
858 927 1017 990 rationem
1037 937 1069 991 et
1091 927 1354 992 mathematicam
1375 932 1485 989 notam
1507 923 1563 986 ha-

371 1051 374 1055 ’
417 1033 504 1114 beat,
527 1040 693 1118 praeterea
707 1023 911 1093 ballistarum
926 1028 1163 1115 catapultarum
1185 1029 1391 1113 scorpionum
1406 1036 1563 1112 tempera-

418 1145 507 1199 turas
530 1133 633 1220 possit
655 1141 744 1195 recte
765 1129 883 1193 facere.
928 1131 963 1193 in
978 1130 1129 1217 capitulis
1146 1132 1231 1194 enim
1247 1130 1364 1194 dextra
1378 1150 1417 1191 ao
1432 1128 1565 1192 sinistra

385 1250 400 1299 5
419 1244 494 1301 sunt
522 1234 682 1299 foramina
709 1231 975 1314 hemitoniorum,
1003 1253 1061 1319 per
1084 1254 1166 1317 quae
1188 1231 1366 1296 tenduntur
1389 1228 1510 1295 suculis
1533 1239 1565 1292 et

418 1336 567 1401 vectibus
591 1357 608 1398 e
631 1356 732 1398 nervo
750 1335 829 1397 torti
844 1333 949 1414 funes,
974 1335 1030 1420 qui
1048 1357 1113 1397 non
1128 1332 1381 1420 praecluduntur
1396 1353 1456 1395 nec
1472 1354 1564 1419 prae-

418 1439 563 1523 ligantur
590 1437 655 1500 nisi
682 1437 807 1500 sonitus
841 1435 883 1497 ad
918 1435 1052 1499 artificis
1086 1457 1180 1499 aures
1215 1444 1319 1499 certos
1354 1444 1386 1498 et
1413 1432 1565 1520 aequales

420 1540 567 1603 fecerint.
617 1536 752 1601 brachia
779 1537 865 1599 enim
894 1558 976 1620 quae
1003 1537 1038 1599 in
1067 1559 1120 1600 eas
1150 1538 1311 1602 tentiones
1342 1534 1565 1616 includuntur,

420 1664 493 1705 oum
509 1639 741 1721 extenduntur,
757 1636 935 1724 aequaliter
951 1648 983 1701 et
998 1640 1121 1726 pariter
1135 1648 1272 1725 utraque
1287 1638 1417 1725 plagam
1435 1638 1566 1701 mittere

371 1742 551 1806 rodebant.
597 1740 683 1828 quod
706 1741 734 1803 si
756 1761 821 1804 non
847 1739 1022 1805 homotona
1048 1740 1186 1822 fuerint,
1215 1741 1385 1828 inpedient
1407 1739 1566 1802 directam

420 1843 557 1908 telorum
579 1844 776 1906 missionem.
820 1842 900 1905 item
921 1841 1057 1906 theatris
1085 1864 1164 1906 vasa
1185 1865 1290 1925 aerea,
1314 1842 1452 1929 quaein
1475 1838 1600 1910 colliso

411 1945 482 2025 sub
504 1944 662 2029 gradibus
690 1938 918 2008 mathematica
946 1944 1081 2009 ratione.
1101 1946 1310 2009 conlocantur
1338 1945 1501 2010 sonituum
1523 1942 1566 2005 ad

337 2072 344 2088 ‘
422 2046 622 2129 discrimina,
645 2068 728 2132 quae
744 2045 863 2109 Graeci
885 2069 979 2129 ηχεια
1001 2046 1177 2132 appellant,
1201 2046 1243 2109 ad
1265 2045 1474 2132 symphonias
1497 2067 1565 2109 mu·

422 2150 505 2212 sicas
529 2149 599 2212 sive
622 2156 795 2213 concentus
819 2155 1054 2233 componuntur
1076 2147 1185 2211 divisa
1206 2149 1241 2211 in
1263 2148 1475 2211 circinatione
1497 2145 1565 2209 dia-

373 2266 404 2317 15
421 2261 569 2314 tessaron
597 2259 628 2313 et
655 2250 808 2335 diapente
842 2259 873 2313 et
902 2250 1060 2336 diapason
1093 2248 1134 2311 ad
1162 2250 1388 2337 disdiapason,
1422 2250 1470 2313 uti
1499 2270 1566 2312 vox

422 2353 563 2417 scaenici
586 2353 711 2416 sonitus
734 2352 931 2415 conveniens
955 2352 990 2414 in
1012 2351 1284 2437 dispositionibus
1313 2361 1403 2416 tactu
1426 2372 1498 2414 cum
1520 2336 1566 2414 of·

422 2453 574 2537 fenderit,
597 2465 692 2519 aucta
715 2476 786 2518 cum
809 2455 1009 2519 incremento
1033 2452 1150 2517 clarior
1172 2463 1204 2517 et
1226 2455 1359 2518 suavior
1378 2452 1421 2515 ad
1443 2460 1566 2539 specta-

390 2567 529 2621 ‘·torum
543 2559 715 2642 perveniat
729 2578 835 2620 aures.
863 2554 1072 2642 hydraulicas
1089 2577 1216 2642 quoque
1231 2555 1397 2619 machinas
1414 2564 1446 2618 et
1461 2564 1569 2618 cetera

423 2680 506 2743 quae
529 2667 604 2722 sunt
627 2657 747 2722 similia
768 2657 819 2720 his
842 2659 984 2741 organis,
1009 2658 1079 2721 sine
1093 2646 1227 2721 musicis
1243 2656 1423 2722 rationibus
1440 2655 1569 2719 efficere

372 2774 405 2824 20
423 2782 518 2824 nemo
545 2760 675 2847 poterit.
725 2750 934 2845 disciplinam
962 2780 1040 2823 vero
1068 2758 1250 2823 medicinae
1281 2760 1414 2824 novisse
1441 2766 1568 2845 oportet
1590 2779 1621 2828 10

410 2863 556 2948 *propter
578 2859 805 2925 inclinationes
830 2859 926 2941 caeli,
956 2882 1038 2946 quae
1061 2859 1180 2925 Graeci
1209 2865 1352 2945 κλιμασα
1379 2861 1508 2942 dicunt,
1537 2871 1569 2926 et

494 3149 717 3216 lphrlopsophrs
739 3168 761 3201 c.
779 3148 791 3217 Η
809 3152 873 3201 erit:
904 3153 941 3202 sic
961 3153 1019 3207 GH.
1044 3149 1056 3219 Η
1084 3155 1158 3203 inti
1178 3156 1353 3205 canonicam:
1381 3157 1418 3204 εἰσ
1438 3155 1489 3205 GH
1513 3152 1571 3217 (sed

425 3245 555 3288 anteros.
574 3239 600 3286 in
620 3238 642 3288 G
659 3244 716 3287 erat
738 3237 779 3286 uti
800 3235 814 3285 l
838 3237 980 3300 canonica,
998 3237 1041 3287 ubi
1057 3254 1133 3288 eraso
1151 3237 1164 3286 l
1181 3241 1209 3289 id
1226 3246 1264 3289 est
1281 3239 1326 3290 vel
1339 3247 1472 3290 corrector
1488 3255 1570 3304 supra

244 3360 250 3371 .
343 3313 345 3316 ⁴
424 3324 529 3387 scripsit
550 3320 563 3369 i
586 3321 706 3386 canori).
725 3318 737 3388 Η
758 3322 892 3373 rationem
916 3325 944 3376 et
956 3318 1182 3373 mathematicam
1203 3340 1249 3374 om.
1268 3341 1296 3388 p.
1319 3319 1332 3390 Η
1360 3323 1569 3375 3ballistarum

427 3408 460 3465 6,
478 3407 642 3457 balistarum
666 3408 695 3455 H
709 3407 792 3472 (Lpt,
821 3407 986 3457 haristarum
1009 3408 1075 3466 Phe,
1098 3408 1264 3472 peristarum
1287 3408 1316 3472 t).
1344 3404 1357 3474 Η
1384 3408 1568 3470 thomi(emi-

427 3493 455 3540 H
480 3508 533 3540 cunr
558 3490 778 3553 sais)toniornm:
804 3493 841 3541 εἰσ
874 3491 931 3541 GH.
957 3488 970 3558 Η
993 3491 1096 3542 suculis
1122 3493 1191 3542 don:
1224 3492 1343 3543 surculis
1369 3493 1427 3543 GH.
1451 3487 1463 3558 Η
1492 3494 1507 3541 7
1534 3492 1570 3540 ad

427 3591 508 3626 aures
532 3574 646 3626 artificis
668 3577 707 3629 et.
730 3572 742 3640 Η
769 3578 785 3627 8
808 3567 927 3627 fecerint
953 3575 1111 3642 G(L⁶tce):
1139 3579 1266 3628 fecerunt
1285 3579 1313 3627 H
1340 3578 1361 3641 (l
1379 3584 1481 3626 etanta
1499 3593 1568 3627 corr.

425 3661 474 3724 Po,
494 3659 569 3710 fecei
586 3677 611 3724 p,
638 3661 710 3709 -rit
726 3666 786 3711 ante
804 3676 872 3712 corr.
894 3662 947 3726 L).
968 3658 980 3729 Η
1000 3663 1133 3715 bracchia
1153 3664 1186 3712 H.
1207 3658 1219 3729 Η
1240 3664 1391 3713 tentiones:
1419 3665 1456 3711 sic
1475 3662 1533 3714 GH.
1555 3658 1567 3727 Η

426 3748 441 3795 9
470 3749 587 3809 utraque
616 3741 670 3808 (ch,
699 3747 812 3811 utrique
838 3744 890 3809 Iul:
923 3750 1058 3811 utraeque
1087 3749 1115 3797 H
1142 3747 1191 3811 (P,
1223 3751 1345 3811 utraeque
1375 3749 1423 3809 L),
1454 3744 1569 3813 utrp'que

428 3831 449 3880 (ι’
464 3826 522 3895 (lp),
539 3826 552 3896 Η
568 3831 691 3880 mittere:
710 3832 748 3881 sic
767 3831 824 3883 GH.
842 3827 854 3896 Η
873 3833 904 3882 10
921 3831 1070 3883 homotona
1088 3833 1168 3882 Pria:
1187 3833 1337 3882 omotonia
1356 3833 1384 3891 G,
1404 3848 1429 3882 o.
1448 3833 1570 3883 motonia

333 3977 337 3982 ,
425 3932 455 3980 H
478 3930 505 3994 (d
524 3933 646 3982 motonia
669 3934 706 3995 L,
730 3935 870 3983 omotonia
893 3934 976 3999 Ppht,
999 3919 1147 3995 omotoiina
1165 3933 1200 3999 c).
1224 3929 1237 4000 Η
1264 3933 1414 3999 impedient
1435 3933 1570 3984 directam

427 4013 551 4083 G(pt⁶):
575 4017 742 4082 impediendi
757 4017 760 4080 Ι
777 4022 883 4068 rectam
907 4019 934 4066 H
954 4018 1028 4079 (—di
1050 4020 1156 4066 rectam
1179 4019 1243 4067 Pble
1266 4018 1501 4076 crebrescant,
1520 4018 1571 4066 im·

427 4100 541 4165 pedient
558 4107 664 4151 rectam
681 4103 728 4166 L).
751 4098 763 4167 Η
788 4105 817 4152 ll
837 4105 907 4153 Item
925 4102 1055 4151 theatris:
1087 4104 1124 4151 sic
1144 4103 1202 4156 GH.
1227 4099 1238 4169 Η
1262 4105 1294 4152 12
1314 4101 1475 4152 conlocatur
1493 4097 1567 4162 Pati

427 4186 564 4236 sonituum
585 4186 621 4235 ad
642 4188 721 4237 Lora:
750 4188 870 4237 sonitum
899 4186 975 4250 (-ti1
994 4187 1025 4250 G)
1044 4185 1139 4237 &GH
1163 4184 1174 4253 Η
1199 4190 1230 4237 13
1250 4186 1402 4237 echeaGH
1427 4185 1470 4248 (L,
1490 4185 1567 4236 &hoa

426 4271 460 4328 P,
486 4269 588 4318 acthea
614 4270 657 4328 ch,
681 4271 762 4321 ethea
788 4272 852 4336 phi).
882 4267 893 4337 Η
922 4273 955 4320 14
973 4275 1122 4321 concentur
1144 4279 1203 4321 ante
1225 4274 1274 4335 ips.
1298 4288 1368 4323 corr.
1388 4273 1418 4321 P.
1436 4268 1448 4336 Η
1465 4272 1571 4320 diuirsa

423 4368 451 4415 p.
472 4347 484 4416 Η
506 4351 667 4403 diatesaron
685 4356 722 4403 ch.
750 4352 762 4421 Η
791 4358 821 4406 15
846 4359 873 4405 et
900 4356 1036 4421 diapason
1064 4356 1099 4415 ad
1116 4356 1295 4420 disdiapason
1322 4371 1381 4420 epo:
1414 4358 1441 4403 et
1467 4354 1570 4405 disdia-

427 4450 514 4500 pason
543 4435 594 4485 GH
622 4436 666 4500 (cs.
689 4438 720 4498 V,
741 4442 764 4491 4.
782 4437 818 4504 5).
842 4436 854 4507 Η
877 4441 1056 4506 bisdiapason
1073 4441 1097 4493 t.
1118 4437 1130 4505 Η
1152 4441 1183 4488 16
1201 4441 1279 4509 sceui
1302 4441 1394 4490 sonitu
1408 4448 1437 4503 p.
1491 4441 1569 4488 tactu

426 4570 453 4617 p.
474 4549 486 4619 Η
509 4557 542 4604 20
559 4570 652 4605 nemo:
687 4571 742 4605 non
773 4565 831 4607 ante
858 4575 926 4609 corr.
954 4576 969 4608 e
991 4529 1101 4630 (aviiii
1119 4555 1131 4624 Η
1152 4573 1301 4608 novissime
1329 4566 1388 4608 ante
1414 4574 1483 4608 corr.
1512 4559 1528 4606 l.
1555 4553 1568 4622 Η

428 4639 460 4685 21
487 4637 683 4689 inclinationes
710 4642 763 4691 ert:
796 4642 1005 4694 inclinationem
1028 4642 1058 4694 H
1081 4644 1129 4706 (P,
1151 4645 1219 4693 -ne
1241 4640 1333 4706 apol),
1353 4645 1420 4692 -ne
1440 4642 1470 4691 ὃ.
1491 4638 1503 4707 Η
1524 4641 1571 4690 oli·

428 4727 503 4771 mata
523 4723 580 4772 GH.
