3784 5625
703 676 749 721 uu
774 675 1040 725 Aucnlruoruuu
1063 678 1132 726 LlB.
1156 681 1202 727 iv.
1462 669 1520 731 tel

379 851 476 916 super
507 830 725 914 inponuntur,
759 830 805 892 ita
838 831 887 892 uti
919 832 955 893 in
983 849 1023 893 111
1051 830 1215 895 volumine
1248 834 1289 896 de
1323 838 1520 921 symmetriis

379 930 507 1015 scripsi.

343 1042 359 1088 2
464 1029 522 1095 Sin
543 1040 651 1094 autem
673 1034 854 1117 peripteros
878 1056 915 1095 ea
937 1034 1028 1096 aedis
1052 1036 1281 1118 constituetur,
1311 1036 1375 1102 duo
1396 1038 1518 1122 gradus

377 1141 410 1196 et
432 1129 597 1219 stylobata
619 1132 661 1197 ab
683 1134 747 1197 imo
770 1135 1023 1216 constituantur,
1053 1134 1171 1199 deinde
1194 1135 1293 1199 cellae
1315 1140 1422 1223 paries
1445 1161 1518 1204 con·

376 1233 502 1299 locetur
515 1254 588 1296 cum
610 1254 740 1297 recessu
763 1236 830 1298 eius
853 1258 872 1297 a
894 1234 1060 1321 stylobata
1082 1238 1167 1300 circa
1188 1247 1315 1323 partem
1337 1238 1519 1305 latitudinis
1537 1253 1556 1301 5*

376 1337 539 1421 quintam,
574 1334 745 1420 medioque
773 1335 946 1399 valvarum
974 1336 1063 1401 locus
1090 1337 1133 1401 ad
1165 1339 1273 1403 aditus
1305 1335 1518 1425 relinquatur,

377 1459 479 1523 eaque
511 1434 592 1500 cella
624 1445 748 1500 tantam
780 1436 899 1501 habeat
930 1436 1124 1502 diametrum
1155 1449 1284 1524 praeter
1316 1442 1456 1526 parietes
1469 1454 1519 1522 *et

375 1538 633 1602 circumitionem
660 1547 813 1622 quantam
841 1537 1047 1602 altitudinem
1075 1539 1223 1603 columna
1251 1562 1349 1626 supra
1376 1539 1539 1631 stylobas

374 1650 451 1703 tam.
495 1638 662 1703 columnae
690 1634 812 1702 circum
834 1638 947 1702 cellam
968 1639 1073 1703 isdem
1095 1642 1358 1726 proportionibus
1380 1665 1517 1729 symme-

339 1742 512 1826 3triisque
539 1740 764 1825 disponantur.
813 1742 848 1804 in
874 1740 982 1804 medio
1009 1743 1087 1805 tecti
1114 1742 1198 1805 ratio
1221 1742 1267 1805 ita
1288 1742 1448 1808 habeatur.
1468 1746 1568 1809 uti10

374 1850 494 1928 quanta
521 1841 698 1905 diametros
725 1843 826 1905 totius
854 1839 960 1929 operis
989 1843 1050 1906 erit
1077 1841 1186 1906 futura
1213 1839 1350 1907 dimidia
1377 1843 1517 1908 altitudo

373 1941 431 2007 fiat
451 1940 534 2007 tholi
552 1951 682 2027 praeter
703 1942 833 2024 florem,
856 1942 916 2007 fios
938 1951 1046 2006 autem
1068 1951 1191 2008 tantam
1215 1943 1333 2009 habeat
1355 1947 1514 2029 magnitu-
1601 2003 1604 2007 Α

373 2043 484 2108 dinem
506 2052 659 2129 quantam
674 2043 824 2108 habuerit
838 2045 873 2107 in
888 2043 1036 2108 columna
1054 2044 1245 2131 capitulum,
1269 2056 1399 2131 praeter
1418 2068 1514 2132 pyra-

372 2145 504 2209 midem.
548 2143 673 2229 reliqua
700 2146 749 2208 uti
778 2167 876 2231 supra
903 2145 1026 2231 scripta
1054 2155 1146 2226 sunt,
1175 2148 1222 2209 eis
1250 2147 1514 2232 proportionibus

371 2256 469 2332 atque
491 2246 689 2331 symmetriis
711 2245 861 2331 facienda
883 2245 1047 2309 videntur.
1420 2310 1423 2315 ,
1513 2258 1564 2306 ·15

336 2354 353 2402 4
455 2346 540 2410 Item
560 2346 735 2431 generibus
757 2346 829 2410 aliis
852 2346 1092 2411 constituuntur
1113 2346 1211 2411 aedes
1235 2368 1277 2410 ex
1298 2347 1403 2410 isdem
1426 2370 1512 2431 sym-

371 2449 496 2513 metriis
525 2447 692 2511 ordinatae
719 2456 754 2510 et
781 2446 844 2511 alio
865 2468 985 2531 genere
1007 2446 1236 2530 dispositiones
1259 2447 1432 2529 habentes,
1464 2449 1513 2512 uti

363 2550 421 2616 'est
444 2548 588 2614 Castoris
610 2549 645 2612 in
668 2546 763 2612 Circo
786 2546 965 2628 Flaminio,
989 2556 1020 2609 et
1042 2547 1127 2610 inter
1149 2546 1230 2611 duos
1252 2545 1341 2612 lucos
1363 2547 1511 2628 Veiovis,

370 2653 448 2715 item
481 2652 630 2735 argutius
658 2649 790 2713 Nemori
820 2648 947 2711 Dianae
978 2646 1135 2711 columnis
1163 2646 1300 2711 adiectis
1327 2649 1446 2712 dextra
1473 2670 1511 2711 ac

370 2752 504 2817 sinistra
530 2750 573 2815 ad
599 2772 726 2816 umeros
754 2750 879 2837 pronai.
927 2748 989 2811 hoc
1010 2758 1117 2814 autem
1139 2769 1257 2834 genere
1279 2751 1384 2837 primo
1406 2749 1512 2814 factae
1529 2760 1562 2807 20

370 2863 448 2918 sunt
468 2854 517 2917 uti
540 2863 589 2917 est
611 2853 755 2917 Castoris
778 2854 813 2915 in
835 2851 946 2934 Circo,
974 2850 1114 2916 Athenis
1136 2851 1171 2914 in
1192 2873 1266 2914 arce
1289 2861 1321 2916 et
1343 2853 1378 2914 in
1399 2851 1512 2916 Attica

370 2956 471 3021 Sunio
492 2953 637 3031 Palladis
659 2953 840 3017 Minervae.
879 2975 989 3016 earum
1010 2974 1076 3016 non
1096 2951 1180 3016 aliae
1201 2953 1258 3016 sed
1281 2953 1414 3016 eaedem
1436 2964 1515 3016 sunt

368 3058 603 3143 proportiones.
659 3053 760 3119 cellae
792 3056 877 3117 enim
905 3053 1164 3138 longitudinibus
1192 3053 1338 3140 duplices
1365 3053 1510 3116 suntad

286 3195 289 3200 -
369 3157 559 3223 latitudines
589 3157 637 3220 uti
665 3155 823 3241 reliquae,
851 3154 909 3218 sed
937 3156 965 3217 is
999 3155 1107 3218 omnia
1134 3175 1216 3239 quae
1244 3152 1349 3217 solent
1377 3175 1447 3216 esse
1474 3155 1510 3217 in

327 3257 546 3339 5frontibus,
575 3256 618 3320 ad
647 3255 749 3321 latera
777 3266 853 3320 sunt
882 3254 1048 3319 translata.
1098 3253 1244 3319 nonnulli
1266 3254 1365 3318 etiam
1391 3251 1432 3316 dc
1458 3263 1508 3317 tu·
1526 3263 1563 3310 25.

366 3360 506 3424 scenicis
528 3357 702 3443 generibus
725 3366 887 3422 sumentes
910 3355 1130 3420 columnarum
1152 3355 1381 3442 dispositiones
1402 3364 1508 3418 trans·
1551 3370 1556 3387 ¹

272 3521 280 3532 ,
367 3461 478 3523 ferunt
504 3459 539 3521 in
572 3457 804 3522 corinthiorum
836 3468 868 3521 et
897 3458 1074 3522 ionicorum
1109 3478 1243 3543 operum
1275 3454 1506 3537 ordinationes,

367 3642 595 3651 ...—.—-——---

437 3753 450 3798 1
470 3751 552 3800 tertio
571 3749 624 3813 (ΙΙΙ
642 3748 699 3813 epo)
718 3750 759 3801 ed.
778 3749 830 3798 Ft:
851 3752 948 3813 quarto
969 3749 1026 3800 GH.
1042 3743 1055 3813 ΙΙ
1075 3751 1091 3797 3
1110 3747 1199 3797 aedis:
1224 3745 1307 3814 aedes
1327 3745 1385 3795 GH.
1403 3740 1447 3811 flii
1464 3761 1505 3794 re·

365 3836 508 3899 linquatur
525 3830 651 3896 (-arjuur
670 3833 728 3897 G⁶):
748 3830 939 3897 relinquantur
959 3831 1010 3881 GH
1027 3829 1106 3894 (Llc).
1128 3827 1139 3896 ΙΙ
1163 3834 1177 3880 7
1197 3835 1305 3880 tantam
1324 3831 1378 3879 ea:
1399 3833 1505 3878 tantum

368 3920 427 3973 GH.
444 3913 487 3985 119
504 3902 798 3984 proportionibus'add.
813 3919 853 3967 ed.
873 3914 1052 3978 (11²interlin„
1070 3930 1132 3971 ree,
1150 3916 1216 3964 sieut
1232 3914 1303 3977 infra
1321 3916 1354 3962 14
1366 3918 1431 3975 etp.
1445 3915 1504 3972 102,

366 4003 403 4067 6).
438 4002 545 4052 hisdem
567 4000 733 4067 symmetriis
757 4014 809 4063 que
836 3998 899 4066 (que
919 3999 977 4062 GL)
996 3998 1067 4063 disp.
1092 3997 1143 4046 GH
1165 3997 1244 4058 (Llc).
1271 3993 1283 4061 ΙΙ
1308 3998 1340 4044 12
1363 3997 1454 4043 autem
1477 3994 1505 4040 H

367 4086 452 4150 (Llc)=
476 4087 548 4136 onim
573 4087 602 4136 G.
626 4083 639 4152 Ι]
664 4084 766 4134 habeat
787 4084 877 4134 arete:
904 4083 990 4133 habet
1013 4079 1101 4144 (-b&
1118 4079 1158 4144 H)
1183 4079 1233 4129 GH
1250 4079 1296 4141 (h).
1318 4074 1331 4143 ΙΙ
1358 4079 1390 4126 13
1411 4076 1441 4124 in
1459 4090 1504 4124 co·

365 4170 459 4221 lamna
477 4171 540 4223 Lor.
560 4166 648 4235 (rec.):
667 4168 859 4219 incolumnes
873 4161 973 4230 (-nql
990 4165 1022 4228 G)
1042 4163 1094 4214 GH
1114 4159 1202 4227 [-nis
1222 4159 1259 4225 Η.
1283 4157 1295 4225 ΙΙ
1319 4161 1351 4208 14
1376 4159 1417 4208 eis
1434 4159 1504 4208 Pon-

366 4274 432 4323 ιεὼς
452 4287 487 4322 ea
507 4271 565 4323 GH.
588 4267 600 4332 ΙΙ
624 4271 655 4319 15
678 4257 806 4332 sacrandi}
826 4267 868 4315 Gv.
891 4261 903 4330 11
927 4264 959 4314 18
976 4264 1104 4313 flamineo
1126 4268 1186 4310 ante
1207 4275 1260 4310 ras.
1281 4260 1302 4308 G
1320 4257 1361 4322 (l).
1389 4254 1401 4324 [Ι
1427 4258 1503 4308 luco·

365 4352 505 4422 melioris
523 4354 545 4405 G
563 4351 701 4433 (lucovpup
721 4349 775 4415 G0)‚
795 4344 996 4412 lucosucliovis
1014 4348 1043 4395 H
1054 4343 1175 4407 (lucosve
1194 4344 1264 4393 iovis
1277 4341 1346 4407 Llc).
1369 4338 1382 4407 ΙΙ
1406 4343 1437 4391 te
1455 4356 1503 4390 no·

365 4456 447 4509 mori:
466 4458 504 4506 sie
523 4455 582 4506 GH.
604 4451 616 4520 ΙΙ
639 4455 681 4515 10Δ
694 4452 788 4500 factae
812 4452 875 4498 sunt
898 4447 975 4497 Lea:
999 4447 1077 4496 facta
1095 4448 1138 4494 est
1156 4443 1181 4507 (e
1200 4443 1231 4507 G)
1257 4444 1315 4493 GH.
1338 4437 1350 4508 ΙΙ
1373 4443 1405 4491 22
1423 4441 1502 4492 sunio

368 4540 419 4591 GH
425 4557 432 4588 ε
452 4539 532 4590 Sunii
549 4540 589 4588 ed.
613 4533 625 4602 ΙΙ
649 4535 762 4585 caedem
780 4532 851 4596 (Gc):
875 4529 972 4580 eadem
995 4529 1046 4579 GH
1070 4527 1150 4591 (Llc).
1170 4525 1182 4594 ΙΙ
1201 4530 1235 4578 24
1252 4525 1414 4578 latitudines
1430 4526 1500 4576 doc:

367 4622 533 4675 altitudines
553 4621 612 4674 GH.
634 4617 646 4686 ll
668 4618 798 4682 reliquae,
816 4615 864 4665 sed
882 4615 905 4664 is
924 4612 1014 4662 omnia
1033 4608 1154 4677 (reliqua
1172 4628 1207 4662 ex
1223 4612 1277 4673 his,
1295 4609 1385 4660 omnia
1406 4608 1502 4665 ibrac-

367 4706 412 4755 bus
423 4705 573 4771 actique,
592 4708 621 4754 et
638 4702 681 4754 his
700 4702 791 4752 omnia
809 4697 904 4762 Mar.):
923 4696 1030 4762 reliquo
1048 4697 1162 4749 exisona
1181 4696 1241 4747 GH.
