3784 5625
690 654 735 700 us
759 653 1025 701 auerurscruus
1050 656 1118 702 me.
1142 658 1189 703 ru.
1448 643 1508 705 231

366 807 503 869 inferius
527 808 652 870 ventris
681 806 743 870 sub
766 806 902 869 caudam
930 806 1096 872 subiectus
1120 816 1169 872 cst
1191 817 1372 872 centaurus
1417 812 1510 873 iuxta

366 918 493 970 cratera
522 917 553 972 et
587 907 712 971 leonem
743 909 838 971 navis
873 918 923 971 est
956 930 1038 994 quae
1064 911 1250 974 nominatur
1277 911 1384 994 Argo,
1418 913 1509 974 cuius

367 1022 463 1095 prora
486 1009 693 1091 obscuratur,
717 1009 775 1072 sed
797 1008 900 1073 malus
925 1018 957 1072 et
979 1032 1062 1095 quae
1084 1021 1159 1074 sunt
1182 1012 1269 1075 circa
1290 1010 1510 1095 gubernacula

366 1112 542 1174 eminentia
564 1110 734 1193 videntur,
764 1112 899 1197 ipsaque
926 1110 1097 1174 naviculae
1124 1114 1243 1200 puppis
1272 1134 1329 1198 per
1351 1134 1508 1175 summam

365 1212 502 1276 caudam
518 1214 591 1301 cani
607 1213 764 1296 iungitur.
793 1212 940 1296 geminos
955 1220 1064 1275 autem
1079 1213 1278 1278 minusculus
1295 1215 1383 1277 canis
1402 1216 1507 1300 sequi·
1526 1233 1542 1280 5

364 1324 417 1377 tur
433 1322 545 1377 contra
559 1314 676 1398 anguis
693 1322 799 1398 caput.
828 1315 929 1377 maior
944 1315 1023 1376 item
1038 1318 1185 1401 sequitur
1199 1316 1368 1379 minorem.
1406 1316 1508 1380 Orion

364 1437 442 1479 vero
454 1423 659 1479 transversus
674 1423 722 1477 est
733 1414 909 1496 subiectus,
922 1437 1054 1501 pressus
1066 1416 1186 1501 ungula
1198 1417 1294 1499 tauri,
1306 1439 1404 1480 manu
1414 1416 1508 1480 laeva

329 1536 344 1580 3
364 1526 477 1580 tenens
502 1538 629 1598 ensem,
654 1515 780 1579 clavam
802 1514 904 1579 altera
924 1517 967 1579 ad
989 1518 1137 1601 geminos
1157 1516 1284 1582 tollens.
1328 1517 1415 1604 apud
1439 1519 1507 1582 eius

364 1641 442 1682 vero
464 1618 571 1682 basim
594 1619 682 1681 canis
705 1638 806 1703 parvo
833 1616 1006 1682 intervallo
1029 1620 1202 1705 insequens
1224 1620 1376 1706 leporem.
1413 1620 1508 1682 arieti

363 1730 395 1783 et
417 1720 564 1806 piscibus
587 1728 676 1783 cetus
701 1727 749 1782 est
767 1718 945 1803 subiectus,
969 1742 988 1783 a
1011 1722 1102 1786 cuius
1126 1722 1225 1784 crista
1247 1721 1395 1785 ordinate
1409 1723 1506 1785 utris·
1528 1739 1558 1787 10

363 1843 425 1907 qua
447 1821 592 1907 piscibus
608 1820 768 1907 disposita
783 1830 831 1884 est
846 1822 954 1885 tenuis
976 1821 1063 1886 fusio
1086 1821 1270 1905 stellarum,
1294 1843 1378 1908 quae
1392 1844 1508 1907 graece

362 1924 549 1986 vocitantur
571 1922 767 2006 αρπεὸοναι.
791 1944 973 2008 magnoque
995 1922 1167 1987 intervallo
1190 1926 1348 1989 introrsus
1377 1945 1507 2011 pressus

361 2023 466 2089 nodus
490 2026 689 2111 serpentium
711 2025 845 2108 attingit
867 2047 1025 2088 summam
1045 2026 1109 2089 ceti
1124 2025 1266 2089 cristam.
1296 2024 1435 2089 Eridani
1449 2047 1507 2111 per

361 2127 502 2211 speciem
515 2124 681 2190 stellarum
692 2125 813 2190 fiumen
824 2125 967 2211 profluit,
983 2127 1112 2189 initium
1124 2126 1224 2190 fontis
1240 2127 1371 2213 capiens
1383 2150 1402 2189 a
1413 2126 1506 2189 laevo

361 2226 445 2313 pede
466 2227 608 2291 Orionis.
654 2249 736 2314 quae
758 2248 836 2290 vero
858 2226 900 2290 ab
922 2229 1054 2314 aquario
1077 2225 1171 2291 fundi
1192 2238 1389 2292 memoratur
1409 2250 1504 2313 aqua,
1526 2244 1556 2291 15

360 2328 492 2414 profluit
514 2330 599 2391 inter
621 2331 721 2414 piscis
743 2329 882 2392 austrini
904 2338 1001 2416 caput
1023 2338 1055 2392 et
1077 2327 1214 2392 caudam
1236 2330 1309 2391 ceti.

325 2452 341 2497 s
447 2430 541 2509 Quae
569 2431 708 2514 figurata
743 2428 1018 2515 conformataque
1041 2439 1116 2493 sunt
1150 2429 1293 2493 siderum
1321 2431 1357 2493 in
1383 2430 1504 2493 mundo

361 2530 550 2614 simulacra,
579 2540 694 2595 natura
717 2530 894 2616 divinaque
915 2540 1025 2594 mente
1048 2530 1234 2615 designata,
1257 2540 1293 2595 ut
1315 2532 1503 2596 Democrito

359 2631 497 2720 physico
520 2632 652 2719 placuit,
677 2632 825 2717 exposui,
849 2632 907 2695 sed
929 2640 1055 2695 tantum
1079 2653 1275 2718 eaquorum
1298 2641 1386 2697 ortus
1404 2641 1435 2695 et
1451 2654 1502 2696 oc·

360 2757 453 2798 casus
481 2756 652 2822 possumus
679 2733 942 2797 animadvertere
973 2742 1004 2796 et
1032 2732 1133 2797 oculis
1163 2735 1319 2798 contueri.
1363 2722 1502 2820 namque
1521 2751 1553 2798 20

358 2839 408 2901 uti
431 2838 666 2923 septentriones
695 2836 817 2899 circum
843 2837 915 2898 axis
944 2837 1110 2900 cardinem
1133 2845 1302 2900 versantes
1330 2858 1395 2900 non
1418 2838 1501 2900 occi-

360 2938 441 3002 dunt
463 2960 567 3024 neque
596 2937 656 3001 sub
685 2945 804 3000 terram
827 2936 985 3020 subeunt,
1014 2939 1062 3001 sic
1085 2939 1171 3001 cirea
1193 2939 1408 3002 meridianum
1432 2960 1500 3000 ear-

359 3026 480 3121 dinem,
504 3034 561 3126 qui
582 3050 632 3103 est
654 3047 787 3125 propter
808 3038 1051 3103 inclinationem
1073 3039 1186 3103 mundi
1202 3040 1368 3104 subiectus
1384 3050 1500 3120 terrae,

358 3141 467 3205 sidera
489 3140 698 3206 versabunda
725 3139 923 3227 latentiaque
950 3163 1015 3204 non
1043 3140 1164 3205 habent
1192 3131 1342 3225 egressus
1365 3143 1499 3205 orientis
1547 3196 1550 3201 .

358 3266 456 3329 supra
478 3251 606 3306 terram.
651 3244 761 3328 itaque
784 3263 893 3305 eorum
916 3241 1126 3325 figurationes
1150 3252 1282 3329 propter
1303 3242 1499 3306 obstantiam
1518 3258 1551 3305 aa

357 3355 462 3408 terrae
488 3367 553 3408 non
583 3355 658 3409 sunt
690 3354 797 3407 notae.
851 3344 948 3407 huius
982 3352 1089 3407 autem
1123 3345 1170 3407 rei
1199 3343 1300 3407 index
1328 3354 1377 3407 est
1405 3343 1499 3407 stella

358 3446 499 3530 Canopi,
530 3468 612 3531 quae
639 3444 690 3509 his
719 3444 908 3529 regionibus
937 3453 987 3508 est
1014 3447 1142 3528 ignota,
1177 3445 1363 3509 renuntiant
1390 3456 1497 3509 autem

427 3686 440 3731 1
460 3683 572 3731 inferius
590 3684 673 3736 Man:
693 3685 808 3734 interius
826 3685 912 3735 EGH.
935 3681 948 3750 {l
972 3687 1050 3735 iuxta
1068 3687 1128 3738 EG:
1147 3686 1265 3736 iustaH
1279 3684 1356 3750 (hle).
1380 3682 1392 3751 ll
1415 3689 1497 3736 lna·

355 3765 466 3819 viculae
484 3766 570 3817 Mun:
590 3767 718 3817 navicula
738 3769 863 3821 etEGH.
888 3765 900 3834 ll
923 3770 1119 3819 eminusculus
1132 3769 1183 3818 E0=
1203 3769 1278 3819 -los
1291 3769 1369 3819 EGH
1387 3767 1466 3834 (Llc).
1483 3769 1496 3833 ll

355 3851 459 3903 ttauri
471 3851 549 3899 Pare:
570 3852 696 3899 centauri
714 3851 798 3900 EGH.
813 3848 824 3917 ΙΙ
841 3855 967 3902 8tenens
986 3853 1092 3915 (ensem
1110 3869 1156 3917 eqo
1175 3853 1209 3914 ef.
1227 3853 1305 3901 schol.
1327 3852 1419 3914 Germ,
1439 3854 1496 3918 pel-

354 3936 409 3986 lem
428 3934 498 3983 Mar.
523 3934 594 3997 odd.)
619 3934 698 3984 clava
720 3934 889 4001 (-vam.E)
915 3937 1002 3986 altera
1024 3936 1110 3986 EGH-
1125 3936 1245 3998 (clavam
1270 3933 1360 3984 altera
1384 3934 1461 3999 aaa).
1482 3929 1494 3998 ΙΙ

356 4017 429 4084 apud
442 4019 507 4068 Phil.
518 4036 524 4066 τ
537 4023 620 4082 caput
630 4019 715 4070 EGH.
727 4015 740 4083 ll
752 4020 811 4068 eius
824 4035 903 4072 vero:
915 4023 954 4070 sie
963 4021 1049 4073 EGH.
1060 4016 1072 4086 ll
1086 4021 1117 4070 10
1131 4023 1223 4068 coetus
1233 4018 1319 4068 EGH.
1330 4015 1342 4083 ll
1358 4021 1386 4066 11
1400 4019 1496 4083 graeci

357 4106 384 4153 H
397 4101 457 4167 (eb).
471 4100 482 4167 ll
496 4106 526 4152 12
540 4104 696 4153 vocitantur
707 4103 889 4154 hermedonee
903 4103 1025 4168 (hermae
1040 4102 1128 4152 donae
1141 4103 1174 4160 E,
1187 4102 1279 4151 herme
1293 4101 1361 4166 done
1374 4103 1404 4163 Ε)
1419 4102 1496 4151 ΕΕΗ

356 4179 527 4252 (aeneadum
559 4187 688 4236 Turnebus
706 4203 759 4235 curn
781 4186 932 4252 scaligero).
960 4184 974 4252 H
1002 4191 1033 4238 13
1055 4187 1141 4237 nodus
1169 4186 1229 4235 EG:
1265 4203 1310 4237 ona
1334 4186 1363 4234 H
1381 4183 1460 4248 (hle).
1481 4185 1493 4251 ll

357 4271 434 4322 coleti
453 4273 488 4332 H,
509 4272 579 4321 coeti
591 4267 690 4335 ·E(Gcl‚
710 4271 764 4334 ceti
782 4279 841 4321 ante
859 4287 927 4321 corr.
949 4273 970 4320 G
988 4270 1064 4333 (sieut
1081 4288 1102 4320 υ.
1116 4274 1148 4319 16
1167 4271 1238 4319 coeti
1251 4270 1306 4328 EG,
1326 4267 1393 4319 colu
1412 4270 1459 4332 H).
1481 4267 1493 4334 ll

356 4357 559 4406 liudmilae:
579 4371 638 4406 csse
658 4355 702 4417 (ἴε
723 4352 754 4420 G)
774 4355 827 4404 fuit
848 4355 935 4406 ΕΕΗ.
959 4351 970 4421 Η
996 4358 1026 4405 17
1050 4355 1290 4419 conformataque:
1314 4356 1352 4404 sic
1373 4354 1459 4406 EGH.
1480 4351 1492 4432 lp

359 4444 388 4490 19
408 4443 513 4490 tantum
533 4457 578 4489 ea:
603 4446 639 4492 sie
659 4441 743 4493 EGH.
767 4437 779 4506 ll
801 4442 832 4489 21
858 4440 1060 4502 septentriones
1079 4438 1127 4488 EG
1147 4436 1212 4502 (ehje
1237 4438 1443 4502 septemtrionis
1466 4439 1495 4487 Η

357 4527 420 4590 (ΕΙ).
441 4524 453 4592 ll
476 4532 616 4577 versantes
629 4528 698 4576 Joe:
718 4529 864 4575 versantur
882 4523 968 4573 EGH.
992 4520 1004 4589 ll
1026 4525 1058 4573 22
1076 4524 1117 4573 sic
1135 4524 1210 4572 cirea
1223 4523 1271 4572 EG
1289 4520 1367 4586 (ccb):
1392 4522 1493 4571 sicirea

358 4613 383 4659 ΙΙ
403 4609 461 4672 (Le,
480 4613 529 4661 sed
548 4614 623 4661 circa
641 4615 663 4661 lc
679 4613 705 4660 in
723 4592 894 4674 supplemento
912 4609 963 4657 loci
973 4609 1004 4658 ab
1016 4612 1026 4659 1
1037 4607 1140 4670 omisa).
1153 4603 1166 4673 ΙΙ
1177 4609 1209 4658 23
1221 4609 1312 4656 terrae
1333 4606 1360 4657 H
1372 4605 1493 4669 (6⁶Lle):

356 4702 430 4744 terra
450 4697 473 4744 E
492 4704 516 4746 et
535 4703 593 4746 onte
612 4713 679 4748 corr.
700 4695 729 4747 G.
754 4691 765 4760 ΙΙ
788 4696 821 4743 24
840 4694 965 4743 orientis:
984 4696 1022 4744 sic
1040 4691 1125 4746 EGH.
