3784 5625
1447 640 1498 687 VII

443 790 494 855 En
516 796 563 854 lois
593 797 723 855 Vitruoii
748 795 902 855 codicibus
929 795 1065 869 antiquis
1090 828 1124 836 -
1149 798 1280 870 reliquos
1302 800 1378 856 enirn
1400 803 1502 872 utpote

354 899 539 956 recentiores
567 906 595 956 et
622 915 689 957 cum
717 898 760 955 ad
786 914 877 957 66666
905 899 951 957 acl
977 900 1106 956 alterurn
1132 914 1277 971 penerun
1306 900 1426 958 illorum
1454 900 1500 957 uel

353 1001 443 1057 ctiam
460 999 503 1056 ad
516 1005 674 1073 utrunque
688 1001 784 1066 mixti,
807 1000 884 1058 sicut
905 1000 1051 1057 editiones
1066 1015 1146 1057 saec.
1163 999 1195 1057 Χ
1203 999 1235 1071 V,
1254 1007 1284 1057 et
1298 1001 1356 1073 ipsi
1373 1001 1500 1059 redeant

354 1102 451 1175 napis
475 1103 565 1160 etiarn
587 1102 714 1171 inutiles,
739 1102 782 1158 ad
802 1117 893 1159 naun
916 1117 1015 1159 ornnes
1036 1102 1174 1159 consulto
1196 1102 1438 1173 6666661666-
1460 1117 1500 1158 en

354 1203 486 1278 antiquis
512 1204 606 1276 ipitur
630 1217 685 1260 666
706 1187 841 1275 inlepros
861 1203 1061 1276 perlepimus,
1091 1208 1152 1259 tres
1178 1203 1296 1275 quidem
1325 1198 1386 1281 (uel
1415 1209 1500 1275 quat-

354 1298 438 1381 tuor)
467 1317 523 1377 epo
551 1303 701 1376 Berolini,
731 1310 792 1361 tres
820 1303 967 1362 Londinii
993 1304 1115 1361 amicus.
1162 1304 1315 1362 Gudinnos
1341 1306 1420 1362 enirn
1441 1319 1501 1376 per

354 1403 429 1462 duos
457 1419 555 1462 annos
575 1411 604 1462 et
630 1405 801 1480 dimidium,
829 1405 990 1464 Leidenscs
1014 1421 1073 1478 per
1099 1410 1242 1478 quattuor
1270 1421 1383 1464 menses
1410 1401 1498 1483 (aest.
1535 1381 1546 1392 “

357 1499 447 1582 1865)
470 1504 535 1577 ipse
549 1505 745 1579 dominatui,
771 1508 886 1579 insipni
906 1506 1202 1566 bibliotltecariorum
1224 1506 1410 1565 liberalitate
1431 1524 1501 1565 usus

354 1620 445 1679 quam
468 1611 539 1664 ante
559 1622 607 1665 mc
620 1610 742 1682 experti
755 1610 844 1667 ntulti
863 1610 949 1668 iustis
963 1608 1103 1667 laudibus
1116 1610 1201 1681 prati
1216 1610 1399 1685 extulerant,
1416 1609 1499 1666 Har·

353 1707 469 1766 666666
492 1711 590 1766 aulem
618 1715 647 1767 et
676 1709 884 1768 Callonianun
906 1726 968 1784 per
995 1711 1112 1768 eosdem
1141 1724 1237 1767 annos
1268 1715 1344 1767 1865
1372 1717 1401 1767 ct
1424 1710 1523 1767 1866

354 1814 502 1868 accurato
522 1809 622 1869 studio
636 1816 666 1869 et
680 1811 830 1884 prudenti
842 1827 1015 1885 summaque
1029 1812 1188 1884 dilipenlia
1209 1812 1337 1870 contulit
1359 1813 1406 1869 air
1427 1812 1499 1868 arni·

353 1911 488 1970 cissimus
521 1911 658 1986 idemque
683 1913 915 1971 litteratissimus
942 1913 1105 1971 Hermon
1135 1912 1497 1985 Milller-Stru'ilinp,

353 2014 406 2085 qui
424 2013 551 2071 natione
564 2014 683 2086 accident
699 2014 988 2087 alellenturpensts,
1010 2015 1161 2073 domicilio
1177 2021 1275 2074 autern
1288 2014 1500 2073 londiniensis

352 2114 508 2171 cotidiana
530 2116 625 2178 musei
638 2114 814 2174 Britannici
833 2117 1048 2174 consuetudine
1068 2114 1149 2188 felin
1166 2114 1305 2187 fruitur:
1328 2133 1383 2174 nec
1404 2118 1497 2174 solam

354 2215 481 2274 contulit
501 2217 556 2274 sed
577 2217 683 2275 iterun
706 2219 874 2291 iterumque
895 2220 1038 2276 lectiones
1060 2217 1098 2275 de
1119 2217 1224 2290 quibus
1245 2220 1308 2290 ipse
1330 2219 1499 2285 dubitarent

354 2318 567 2391 recopniturus
590 2319 633 2376 atl
645 2318 739 2376 libros
761 2321 821 2377 iant
842 2321 989 2393 sepositos
1003 2325 1114 2391 ropalu
1135 2334 1200 2376 meo
1214 2319 1315 2389 rediit,
1336 2325 1500 2391 praeterea

355 2419 393 2475 66
419 2419 493 2477 locis
519 2421 720 2477 controversis
749 2421 883 2479 omnibus
910 2421 1129 2494 explicationes
1156 2434 1227 2477 suas
1254 2423 1283 2475 ct
1309 2421 1501 2477 coniecturas

355 2521 486 2579 addidit.
532 2536 571 2577 66
593 2519 652 2579 666
673 2524 802 2580 materia
824 2521 893 2580 inde
915 2537 934 2578 a
956 2537 1056 2579 mense
1074 2520 1223 2578 Ianuario
1247 2534 1275 2576 a.
1297 2526 1378 2577 1865
1401 2536 1421 2577 6
1442 2538 1494 2579 no-

353 2622 398 2682 lis
418 2623 544 2682 collecta
567 2627 682 2683 tentum
710 2638 796 2696 quem
826 2624 886 2681 iarn
914 2624 971 2681 edo
1001 2623 1209 2681 Vitruuianum
1232 2623 1296 2695 ipse
1323 2624 1404 2681 solus
1429 2639 1499 2682 con·

354 2718 472 2784 stitui¹

423 2924 443 2990 ¹)
463 2927 536 2976 Idem
547 2926 580 2976 M
582 2929 626 2976 illl
631 2942 704 2976 erus
721 2943 775 2976 curn
791 2929 840 2976 iam
853 2930 957 2976 6-1866
975 2930 1120 2992 ampliorem
1138 2928 1234 2977 codicis
1250 2926 1370 2977 Vaticani
1385 2928 1500 2978 notitiam

354 3013 455 3075 fricstro
472 3013 528 3075 ipsc
547 3012 640 3062 Romae
658 3019 774 3061 uersatus
792 3014 951 3077 quaesiisset,
973 3013 1063 3061 iterum
1080 3014 1128 3063 ltac
1150 3019 1249 3063 aestate
1270 3015 1297 3061 in
1315 3014 1417 3062 Italiam
1439 3030 1500 3077 pro-

353 3097 437 3158 fectus
466 3096 565 3145 Graeca
594 3094 669 3160 (quae
696 3098 791 3161 repetit
821 3097 961 3159 Vitruvius)
995 3099 1176 3162 epipratnmatu
1208 3099 1303 3148 codicis
1331 3099 1502 3147 Laicrentiani

356 3178 408 3243 (56,
427 3180 453 3243 1)
472 3182 530 3229 olim
547 3198 563 3230 a
579 3198 617 3231 me
631 3183 736 3230 tractati
758 3179 818 3244 (oid.
833 3183 988 3232 Aristoteles
1007 3183 1246 3245 Psendepipruplcus
1261 3199 1290 3245 p.
1307 3184 1366 3232 568.
1386 3182 1420 3243 cf.
1441 3185 1499 3230 286.

357 3266 414 3314 187.
449 3265 586 3315 Anecdota
614 3266 714 3316 Graeca
740 3272 765 3315 et
793 3266 974 3316 Graeculatinu
1000 3266 1030 3327 1,
1058 3270 1080 3314 7.
1104 3264 1199 3330 9-12)
1227 3268 1416 3315 (accieratissime
1442 3267 1500 3316 tto-

353 3352 453 3398 6662166
475 3351 612 3414 descripsit
636 3351 677 3413 (m.
703 3352 769 3415 Aup.
795 3351 881 3413 1867),
917 3351 970 3400 eius
992 3365 1074 3413 opera
1100 3351 1204 3400 edoctus
1230 3367 1317 3401 moneo
1341 3340 1507 3417 ἀναβάλλει-

354 3434 418 3483 illud
432 3450 461 3497 p.
480 3436 540 3496 202,
559 3438 583 3497 7,
603 3437 672 3501 quod
687 3437 738 3485 uult
755 3437 791 3497 H,
810 3451 901 3486 reuera
918 3433 1011 3484 666666
1030 3450 1079 3484 666
1096 3437 1174 3483 solum
1186 3434 1341 3498 Stcpltuannt
1356 3439 1405 3485 scd
1421 3438 1500 3499 ipsum

353 3520 477 3576 codicem,
500 3535 547 3568 nec
575 3522 625 3570 6666
643 3521 751 3582 fortuito
774 3521 867 3568 litteris
890 3523 1014 3569 66666166
1037 3521 1134 3569 omissis
1155 3521 1271 3568 lectionis
1294 3510 1392 3584 ἀνίησι
1407 3521 1501 3582 falsam

354 3604 464 3666 speciem
479 3605 607 3667 praebere
627 3604 781 3654 Gudianunt:
799 3607 884 3669 itaque
902 3607 1082 3655 restituendum
1100 3611 1139 3652 est
1156 3594 1323 3668 ἀναβάλλει.
1350 3607 1376 3653 in
1393 3608 1499 3669 reliquis

355 3703 420 3752 quae
438 3704 455 3736 a
470 3694 544 3737 teatu
560 3704 613 3737 ineo
632 3691 755 3739 recedunt
772 3689 835 3738 leuco
852 3689 926 3738 66666
944 3691 1043 3738 66666.·
1062 3691 1121 3750 261,
1141 3691 1173 3738 15
1192 3680 1373 3754 λουσάμενος,
1402 3693 1463 3751 262,
1485 3692 1499 3737 1

354 3762 490 3835 diluunt>
507 3769 511 3834 Ι
526 3763 601 3837 apice
620 3771 678 3836 (sic)
702 3765 753 3822 ἀπ’
773 3763 887 3839 ἄργονς.
912 3763 1143 3838 262,1ἥ2666ν.
1168 3776 1226 3832 262,
1241 3779 1256 3820 7
1273 3766 1362 3838 ἡδεῖα
1374 3776 1498 3838 pappolo

354 3854 452 3905 ποτοῦ.
485 3857 596 3912 262,15
619 3846 714 3907 diuza
737 3857 824 3908 66666
842 3852 958 3924 βλέπεις
977 3850 1087 3924 φοβερὰ
1112 3852 1183 3918 ξένε,
1219 3861 1329 3917 26216
1351 3855 1499 3918 πίπτουσι,

354 3933 464 4006 γενύων
484 3939 539 3998 (sic,
558 3939 599 3988 ubi
616 3937 771 3991 πίπτουσιν
788 3950 859 3993 recte
877 3945 953 3996 codd.
975 3943 1104 4004 Vitruoii).

424 4027 483 4074 llac
501 4025 649 4089 corripendi
665 4028 797 4077 occasione
816 4030 877 4078 datu
895 4029 1082 4083 animaduerto,
1104 4029 1211 4089 primum
1231 4027 1258 4075 in
1275 4028 1342 4076 nolis
1362 4027 1440 4088 primi
1457 4041 1499 4075 ca·

353 4112 429 4175 pituli
445 4112 482 4159 ad
496 4126 522 4173 p.
543 4113 567 4166 6,
587 4111 619 4157 16
637 4111 733 4174 duplici
750 4112 774 4158 P
792 4115 877 4175 posito
901 4118 1012 4165 erratum
1028 4112 1125 4175 fuisse:
1147 4113 1185 4158 sic
1203 4111 1268 4158 enirn
1287 4112 1432 4173 ponendum
1446 4111 1498 4173 suit

355 4195 474 4261 trigonis
498 4195 519 4244 G
542 4193 618 4258 (Lp):
646 4193 761 4244 tricionis
783 4195 815 4243 H
835 4196 945 4260 (Pblelz).
986 4198 1078 4245 deinde
1102 4196 1258 4245 tolerandum
1278 4195 1360 4256 luisse
1377 4211 1413 4244 66
1429 4211 1499 4246 more

358 4280 508 4330 Vitruviano
535 4281 627 4330 fuerat
649 4279 714 4343 (fuit
731 4279 813 4341 Mar.)
840 4297 866 4343 p.
891 4283 956 4341 252,
980 4284 1012 4342 2,
1033 4281 1147 4342 fortusse
1171 4280 1245 4328 etiam
1268 4279 1498 4351 abinclinationc-

355 4364 481 4428 caelique
506 4382 533 4428 p.
557 4367 622 4427 261,
650 4367 682 4413 16
714 4364 789 4427 (sicut
814 4364 1022 4428 odenclimaque
1053 4381 1080 4428 p.
1110 4366 1177 4426 236,
1206 4367 1241 4414 13
1263 4364 1334 4427 cta).
1375 4374 1402 4414 nl
1431 4364 1500 4431 quoti

353 4447 402 4497 sibi
417 4452 545 4511 persuasit
563 4450 687 4499 Miillerus
704 4452 847 4499 6666661666
865 4451 1022 4499 tolerandum
1036 4449 1117 4511 fuisse
1137 4450 1252 4498 civitate
1270 4449 1412 4500 declarata
1429 4468 1456 4514 p.
1473 4453 1496 4508 1,

355 4534 387 4580 15
407 4531 464 4593 (666
486 4535 549 4584 enim
567 4551 623 4584 6666
640 4532 692 4598 τῆς
713 4529 821 4592 πόλεως
842 4524 1048 4598 ἄπειρημὲνηςε
1072 4536 1158 4584 eodem
1176 4536 1249 4585 modo
1272 4542 1418 4599 cormeplurn
1436 4535 1499 4586 illud

355 4624 482 4674 factionis
506 4642 532 4688 p.
550 4625 600 4682 23,
619 4610 658 4668 26
678 4635 734 4670 6666
754 4637 805 4685 pro
826 4636 920 4685 praeco
948 4611 1081 4681 στάσεως)
1110 4622 1184 4685 quasi
1208 4637 1243 4670 66
1267 4637 1363 4684 praeco
1390 4625 1497 4688 picodum

357 4716 431 4758 lectu
448 4725 541 4779 uaeque
566 4709 726 4775 praecosiae
752 4723 827 4758 66666
852 4712 932 4759 tulino
958 4709 1106 4773 simpliciter
1127 4712 1288 4770 translatum,
1317 4709 1345 4756 id
1366 4710 1428 4771 fieri
1449 4723 1498 4758 666
