3784 5625
283 721 288 724 -
384 671 425 738 ts
872 688 1032 735 vrrauvrr

383 864 458 928 pars
480 841 538 904 fiat
559 862 633 905 oum
655 842 723 905 suis
745 838 917 924 astragalis
940 849 972 903 et
994 839 1167 925 supercilio
1190 842 1339 927 superior
1359 841 1527 925 trochilus,

312 956 319 968 ·
382 942 485 1007 altera
513 965 588 1030 pars
611 943 758 1006 inferiori
779 939 917 1006 trochilo
939 941 1159 1026 relinquatur,
1188 942 1247 1005 sed
1268 942 1404 1006 inferior
1425 945 1529 1008 maior

382 1044 553 1130 apparebit
582 1043 656 1108 ideo
688 1043 774 1130 quod
802 1042 937 1106 habebit
964 1041 1007 1105 ad
1037 1052 1215 1106 extremam
1237 1041 1401 1130 plinthum
1425 1046 1527 1130 proie-

381 1156 515 1209 cturam.
545 1146 700 1229 astragali
714 1143 858 1208 faciendi
873 1153 949 1208 sunt
970 1153 1106 1207 octavae
1128 1146 1229 1230 partis
1251 1145 1393 1210 trochili.
1424 1148 1526 1231 proie-

348 1258 473 1312 uctura
496 1248 558 1310 erit
581 1248 687 1333 spirae
709 1268 785 1333 pars
808 1255 923 1310 octava
946 1255 1094 1308 etsexta
1117 1246 1252 1310 decuma
1274 1269 1350 1333 pars
1373 1251 1526 1312 crassitu-

383 1348 470 1412 dinis
494 1348 672 1413 columnae.

467 1448 572 1535 Spiris
589 1450 744 1536 perfectis
761 1459 793 1513 et
815 1448 992 1514 conlocatis
1014 1447 1182 1513 columnae
1204 1459 1280 1514 sunt
1301 1450 1472 1515 medianae
1494 1455 1560 1517 inl

381 1574 503 1637 pronao
533 1560 565 1615 ct
593 1552 718 1638 postico
744 1550 787 1614 ad
814 1549 1082 1637 perpendiculum
1108 1551 1209 1614 medii
1231 1553 1334 1616 centri
1357 1552 1526 1617 conlocan-

382 1654 458 1734 dae,
481 1651 652 1737 angulares
674 1662 783 1716 autem
806 1672 953 1739 quaeque
975 1674 993 1715 e
1014 1641 1147 1736 regione
1169 1675 1280 1716 earum
1300 1653 1431 1718 futurae
1453 1664 1528 1719 sunt

333 1774 364 1820 10
381 1755 417 1818 in
444 1752 600 1818 lateribus
629 1753 720 1817 aedis
749 1754 867 1818 dextra
893 1775 931 1816 ac
961 1753 1109 1835 sinistra,
1143 1755 1193 1818 uti
1221 1765 1327 1839 partes
1355 1756 1526 1821 interiores

382 1877 464 1941 quae
487 1855 529 1918 ad
552 1857 693 1941 parietes
717 1856 817 1918 cellae
840 1864 988 1942 spectant
1009 1854 1052 1917 ad
1074 1854 1340 1941 perpendiculum
1363 1856 1449 1920 latus
1471 1858 1525 1923 ha-

381 1956 480 2021 beant
508 1957 727 2038 conlocatum,
757 1958 934 2020 exteriores
961 1966 1070 2021 autem
1096 1966 1205 2042 partes
1233 1958 1282 2021 uti
1304 1958 1430 2021 dictum
1452 1970 1527 2023 ante

383 2058 423 2121 de
446 2079 557 2121 earum
581 2068 796 2124 contractura.
841 2059 888 2122 sic
910 2058 997 2120 enirn
1019 2068 1113 2122 erunt
1134 2058 1259 2143 figurae
1281 2061 1527 2145 compositionis

382 2161 515 2224 aedium
538 2169 761 2225 contracturae
783 2161 870 2224 iusta
891 2161 1018 2224 ratione
1040 2170 1186 2223 exactae.

336 2282 365 2328 rt
467 2262 581 2348 Scapis
610 2261 832 2327 columnarum
861 2264 991 2326 statutis
1020 2261 1235 2348 capitulorum
1261 2263 1346 2326 ratio
1368 2264 1398 2326 si
1420 2262 1560 2349 pulvi-s

380 2374 458 2428 nata
485 2373 579 2428 erunt
606 2364 657 2429 his
685 2364 885 2451 symmetriis
914 2362 1169 2428 conformabitur
1194 2364 1243 2427 uti
1272 2385 1368 2448 quam
1397 2386 1527 2429 crassus

380 2468 465 2531 imus
487 2487 603 2552 scapus
626 2466 725 2529 fuerit
746 2464 861 2529 addita
883 2474 999 2529 octava
1021 2464 1158 2528 decuma
1179 2474 1271 2551 parte
1293 2467 1384 2551 scapi
1406 2466 1527 2530 abacus

381 2568 499 2631 habeat
514 2568 751 2651 longitudinem
768 2578 799 2631 et
815 2566 1032 2660 latitudinem,
1049 2565 1300 2630 crassitudinem
1315 2588 1389 2630 cum
1404 2568 1527 2632 volutis

383 2672 451 2732 eius
485 2668 665 2731 dimidiam.
719 2667 939 2732 recedendum
966 2679 1074 2733 autem
1102 2677 1151 2730 est
1177 2666 1220 2730 ab
1248 2678 1395 2733 extremo
1423 2669 1527 2734 abaco

330 2790 363 2838 ⁸20
381 2772 416 2834 in
438 2770 626 2836 interiorem
647 2777 774 2857 partem
796 2769 959 2835 frontibus
982 2767 1167 2834 volutarum
1190 2777 1284 2856 parte
1304 2768 1527 2835 duodevicen-

382 2873 464 2935 sima
479 2881 511 2934 et
534 2872 603 2934 cius
627 2871 774 2935 dimidia.
818 2881 896 2935 tunc
918 2872 1100 2936 crassitudo
1124 2870 1303 2935 dividenda
1324 2881 1374 2936 est
1396 2875 1432 2937 in
1453 2895 1527 2960 par·

381 2982 430 3037 tes
457 2957 575 3038 novem
603 2981 636 3035 et
664 2971 849 3055 dimidiam,
879 2983 911 3037 et
940 2973 1118 3037 secundum
1145 2972 1283 3037 abacum
1309 2974 1345 3036 in
1373 2984 1529 3061 quattuor

380 3073 528 3161 partibus
551 3072 737 3138 volutarum
759 3073 936 3138 secundum
960 3075 1099 3138 extremi
1125 3074 1219 3138 abaci
1242 3073 1398 3159 quadram
1421 3076 1528 3140 lineae

381 3175 602 3272 demittendae
630 3198 713 3261 qnae
741 3174 888 3239 cathetoe
911 3175 1072 3241 dicuntur.
1116 3186 1194 3239 tunc
1220 3198 1262 3239 ex
1284 3199 1403 3241 novem
1425 3181 1528 3266 parti·

330 3278 442 3344 asbus
464 3288 503 3343 et
530 3277 668 3342 dimidia
695 3300 760 3341 una
787 3299 862 3365 pars
892 3288 923 3342 et
945 3277 1083 3342 dimidia
1104 3278 1199 3341 abaci
1221 3278 1405 3344 crassitudo
1427 3279 1527 3343 relin-

382 3388 515 3466 quatur,
543 3377 687 3464 reliquae
715 3389 786 3443 octo
815 3378 935 3444 volutis
965 3379 1213 3443 constituantur.
1263 3390 1341 3444 tunc
1368 3381 1410 3446 ab
1439 3381 1562 3453 lineas

382 3503 463 3566 quae
486 3478 663 3544 secundum
685 3480 780 3545 abaci
803 3491 982 3545 extremam
1004 3489 1130 3568 partem
1152 3481 1295 3545 demissa
1318 3482 1396 3565 erit,
1419 3483 1455 3546 in
1476 3485 1526 3546 in-

380 3584 532 3646 teriorem
554 3591 677 3667 partem
700 3581 764 3646 alia
786 3583 918 3647 recedat
939 3584 1035 3655 unius
1059 3592 1092 3646 et
1114 3580 1303 3646 dimidiatae
1325 3586 1428 3670 partis
1451 3582 1526 3650 lati-

448 3810 463 3856 2
482 3806 607 3856 inferiori
628 3805 661 3857 G:
680 3805 840 3856 inferiorH
850 3804 928 3871 (Llc).
952 3803 965 3872 ll
987 3811 1166 3858 3extremum
1179 3814 1238 3856 ante
1256 3822 1325 3858 corr.
1343 3807 1376 3856 H
1386 3807 1455 3870 (item
1467 3807 1495 3872 1).
1512 3808 1524 3876 Ι)

351 3929 352 3934 ,
379 3891 516 3959 plinthum
541 3887 625 3954 G(l):
649 3889 805 3955 plinthuum
826 3893 859 3940 H
874 3889 962 3955 (Lol).
989 3889 1001 3958 Ι)
1028 3894 1043 3941 5
1066 3892 1175 3942 decima
1196 3907 1261 3956 pars
1281 3891 1303 3942 G
1321 3889 1383 3955 (ab
1407 3895 1526 3944 decuma

381 3991 463 4041 apars
481 3975 514 4026 H
528 3973 646 4037 (decima
659 3974 797 4046 sparsio).
821 3972 833 4042 ))
853 3976 993 4027 9fnturae
1011 3977 1065 4026 ed:
1083 3977 1179 4026 futura
1199 3975 1258 4026 GH.
1281 3971 1293 4041 ΙΙ
1317 3977 1403 4026 lauti
1420 3979 1524 4028 dictum

380 4066 444 4111 ante
463 4061 497 4110 de
516 4075 609 4109 earum
630 4064 809 4110 contractura
825 4061 893 4110 Phil.
918 4058 996 4125 (ante
1014 4063 1076 4112 add.
1096 4060 1186 4125 ιον.)
1204 4061 1247 4110 nti
1266 4061 1409 4112 dicantes
1429 4078 1523 4112 earum

379 4149 585 4196 contracturam
605 4144 659 4194 GH
679 4144 726 4207 (L,
751 4147 966 4202 contracturarr'r
981 4148 1002 4204 1,
1026 4148 1204 4196 contractarr'r
1222 4142 1273 4210 cli).
1296 4141 1308 4211 Ι)
1332 4147 1364 4196 16
1381 4146 1434 4211 hys
1451 4147 1487 4197 H.
1509 4143 1522 4212 ))

379 4230 597 4279 conformabitur
615 4230 699 4279 Mea:
717 4228 855 4278 -buntnr
874 4229 933 4283 GH.
957 4225 969 4295 ))
993 4245 1102 4280 crassus
1114 4232 1185 4281 imus
1204 4230 1267 4280 GH⁶
1284 4228 1331 4295 (L,
1346 4231 1521 4281 crasissimns

378 4314 395 4372 l,
410 4313 600 4364 crassissimus
612 4312 663 4377 ct),
684 4311 813 4363 crassim‘l
831 4311 835 4379 Ι
851 4321 910 4364 unte
927 4330 996 4367 corr.
1008 4315 1041 4363 H
1051 4312 1093 4379 (sn
1105 4331 1244 4380 suprascr.
1256 4311 1318 4379 H0).
1342 4312 1354 4381 ΙΙ
1378 4317 1410 4366 17
1423 4321 1523 4366 octava

379 4399 407 4447 H
427 4395 512 4460 (Llclz
537 4413 610 4448 nona
634 4399 664 4448 G.
688 4395 700 4465 )Ι
724 4399 840 4448 decuma
861 4399 903 4456 H,
927 4398 1035 4448 decima
1055 4400 1077 4449 G
1099 4396 1180 4461 (Llc).
1208 4396 1220 4465 Ι)
1251 4401 1285 4449 20
1307 4405 1387 4463 parte
1412 4400 1435 4449 G
1456 4399 1520 4464 (t0):

379 4487 485 4548 partem
503 4483 535 4530 H
551 4482 623 4545 (-te
642 4483 724 4544 Llclr).
748 4480 760 4548 Ι)
787 4482 1030 4534 duodevicensima
1053 4484 1106 4533 GH
1126 4483 1277 4549 l-gesima
1293 4483 1346 4542 Hc,
1369 4487 1521 4546 —gessima

379 4583 399 4626 c,
418 4568 562 4632 -gesima
580 4567 611 4624 tlt,
631 4567 769 4618 -cesima
786 4566 831 4634 L).
850 4563 864 4634 Ι)
887 4569 920 4618 at
938 4567 1124 4619 demittendae
1142 4569 1213 4622 Jon:
1233 4567 1412 4618 dimittendae
1433 4569 1491 4619 GH.
1506 4566 1517 4633 ))

380 4651 508 4701 cathetoe
529 4652 580 4701 GH
596 4649 645 4714 (cle,
665 4654 845 4710 catastoe-L,
859 4653 947 4704 ,cathe
965 4669 1015 4703 zoe
1033 4653 1062 4716 1).
1084 4649 1097 4717 ΙΙ
1119 4655 1152 4702 27
1171 4652 1292 4704 demissa
1310 4653 1383 4718 (θὴς
1408 4655 1520 4704 dimissa

380 4733 434 4786 GH
449 4731 528 4802 (Llc).
551 4731 563 4802 Ι)
586 4737 619 4787 28
638 4735 697 4786 alia
714 4738 776 4786 add.
788 4736 844 4787 doc.
858 4735 976 4803 (partem
988 4736 1103 4788 recedat
1122 4733 1228 4804 (111)..)
1251 4753 1321 4790 unus
1333 4745 1393 4790 ante
1405 4755 1472 4793 corr.
1489 4739 1518 4790 G.
