3784 5625
683 665 730 719 nn
753 667 1021 720 ascensorum
1043 667 1114 719 nm.
1137 668 1183 720 rr.
1460 650 1502 721 99

360 820 618 906 circumdantur,
656 846 738 910 quae
765 826 811 889 ita
845 824 1000 890 distribui
1022 824 1143 889 debent
1176 827 1226 889 uti
1259 828 1503 913 antepagmenti

358 937 489 1012 praeter
527 927 705 1012 cymatium
744 948 786 989 ex
819 927 966 1014 partibus
1006 944 1057 989 vn
1089 925 1231 991 habeant
1263 926 1345 990 duas
1382 938 1501 1013 partes.

358 1030 494 1114 ipsaque
526 1049 592 1091 non
624 1026 706 1090 fiunt
738 1026 897 1092 clathrata
924 1048 1028 1114 neque
1059 1026 1166 1092 bifora
1199 1027 1258 1091 sed
1290 1025 1437 1112 valvata,
1471 1039 1503 1093 et

358 1137 527 1216 aperturas
550 1126 673 1191 habent
694 1129 728 1190 in
751 1131 929 1193 exteriores
951 1140 1070 1215 partes.

445 1228 537 1309 Quas
564 1230 706 1294 rationes
732 1230 863 1295 aedium
891 1252 1056 1294 sacrarum
1082 1231 1118 1292 in
1138 1228 1386 1295 formationibus
1410 1245 1537 1318 opor-5

358 1339 427 1395 teat
447 1329 519 1393 fieri
540 1330 660 1395 doricis
683 1332 799 1396 ionicis
820 1331 1056 1417 corinthiisque
1083 1329 1254 1416 operibus,
1284 1327 1391 1417 quoad
1412 1334 1503 1420 potui

360 1434 538 1517 attingere,
568 1428 672 1495 veluti
692 1431 1013 1517 legitimismoribus
1037 1434 1183 1517 exposui.
1227 1454 1314 1496 nunc
1336 1433 1376 1497 de
1396 1444 1503 1498 tusca-

359 1534 444 1597 nicis
474 1533 744 1619 dispositionibus
773 1534 1047 1621 quemadmodum
1068 1533 1197 1597 institui
1219 1543 1365 1621 oporteat
1387 1533 1502 1598 dicam.

328 1635 468 1717 tlocus,
491 1636 527 1698 in
541 1657 604 1721 quo
621 1635 710 1698 aedis
726 1637 957 1718 constituetur,
982 1658 1053 1698 curn
1069 1633 1221 1699 habuerit
1243 1636 1278 1698 in
1299 1634 1504 1720 longitudine
1525 1647 1580 1697 VII

361 1757 422 1799 sex
435 1746 562 1822 partes,
585 1760 650 1799 una
664 1736 817 1824 adempta
832 1736 993 1824 reliquum
1014 1736 1101 1822 quod
1124 1737 1186 1799 erit
1208 1734 1377 1800 latitudini
1398 1736 1503 1802 detur.
1525 1751 1571 1827 ιο,

339 1823 342 1833 ’
360 1836 532 1922 longitudo
548 1846 657 1900 autern
671 1837 840 1903 dividatur
854 1839 1010 1926 bipertito
1026 1848 1057 1901 et
1073 1859 1155 1923 quae
1177 1859 1254 1923 pars
1277 1839 1338 1901 erit
1358 1839 1505 1923 interior,

362 1935 516 2000 cellarum
544 1940 658 2024 spatiis
690 1938 896 2024 designetur,
925 1961 1009 2026 quae
1036 1940 1098 2002 erit
1125 1940 1276 2025 proxima
1291 1941 1420 2023 tronti,
1454 1962 1505 2004 co·

329 2038 544 2102 alumnarum
566 2039 783 2127 *dispositioni
809 2040 1021 2126 relinquatur.
1070 2040 1149 2103 item
1176 2038 1314 2104 latitudo
1337 2040 1506 2106 dividatur

363 2140 398 2202 in
425 2149 533 2226 partes
562 2158 596 2204 x.
642 2164 684 2205 ex
710 2143 761 2206 his
789 2153 902 2207 ternae
929 2152 1038 2229 partes
1061 2141 1179 2206 dextra
1200 2162 1239 2204 ae
1261 2142 1393 2205 sinistra
1415 2142 1505 2206 cellis

362 2241 544 2305 minoribus
574 2244 645 2306 sive
673 2242 721 2307 ibi
741 2244 811 2307 alae
833 2245 962 2307 futurae
985 2254 1061 2308 sunt
1083 2242 1217 2324 dentur,
1245 2241 1390 2327 reliquae
1413 2254 1504 2329 quat·
1524 2255 1556 2302 15

361 2352 437 2406 tuor
450 2342 578 2405 mediae
592 2343 667 2407 aedi
681 2346 908 2410 attribuantur.
954 2345 1097 2431 spatium
1119 2343 1204 2428 quod
1228 2343 1289 2405 erit
1309 2327 1505 2407 antecellas

364 2444 399 2506 in
420 2466 559 2530 pronao,
588 2446 635 2508 ita
663 2445 821 2510 columnis
850 2444 1042 2529 designetur
1062 2454 1099 2506 ut
1121 2439 1293 2527 angulares
1316 2453 1428 2506 contra
1448 2465 1504 2506 an·
1545 2430 1550 2439 ’

362 2554 429 2627 tas,
452 2546 613 2631 parietum
635 2556 853 2612 extremorum
876 2568 893 2610 e
914 2547 1064 2630 regione,
1088 2541 1311 2624 conlocentur,
1334 2542 1417 2607 duae
1438 2566 1504 2608 me-

365 2645 439 2708 diae
467 2667 484 2708 e
509 2646 642 2731 regione
670 2649 830 2734 parietinn
858 2647 914 2733 qui
940 2647 1028 2710 inter
1054 2654 1147 2709 antas
1176 2654 1209 2708 et
1229 2642 1370 2707 mediam
1392 2645 1506 2710 aedem

363 2746 501 2830 fuerint,
523 2749 570 2812 ita
585 2746 841 2832 distribuantur,
865 2758 896 2811 et
917 2749 1004 2811 inter
1025 2757 1117 2812 antas
1141 2756 1173 2810 et
1195 2743 1359 2810 columnas
1381 2748 1505 2834 priores
1524 2756 1557 2805 20

364 2870 422 2934 per
451 2850 596 2914 medium
622 2850 728 2914 isdem
755 2851 943 2936 regionibus
972 2849 1094 2914 alterae
1121 2848 1343 2935 disponantur.
1388 2871 1508 2936 eaeque

365 2949 431 3013 sint
462 2952 528 3014 ima
560 2951 776 3016 crassitudine
808 2951 993 3017 altitudinis
1020 2948 1114 3039 parte
1144 2968 1197 3014 v11
1204 3000 1213 3032 ,
1243 2938 1384 3015 'altitudo
1410 2954 1508 3017 tertia

365 3060 457 3136 parte
490 3050 675 3118 latitudinis
708 3053 839 3141 templi,
873 3075 1062 3139 summaque
1095 3051 1244 3118 columna
1271 3062 1386 3138 quarta
1415 3064 1507 3140 parte

329 3173 348 3219 3
366 3153 592 3217 crassitudinis
619 3155 703 3218 imae
731 3155 950 3219 contrahatur.
1001 3155 1109 3242 spirae
1131 3175 1241 3216 earum
1262 3152 1348 3216 altae
1370 3153 1508 3218 dimidia

365 3264 459 3341 parte
473 3254 701 3320 crassitudinis
723 3256 812 3320 fiant.
857 3256 998 3321 habeant
1020 3257 1127 3342 spirae
1150 3276 1260 3318 earum
1281 3252 1443 3339 plinthum
1464 3256 1507 3319 ad
1525 3264 1558 3313 25
1582 3325 1590 3336 .

365 3357 525 3421 circinum
551 3356 650 3421 altam
678 3379 755 3422 suae
776 3357 1003 3422 crassitudinis
1026 3355 1164 3421 dimidia
1190 3366 1297 3444 parte,
1324 3365 1431 3421 torum
1458 3358 1506 3421 in-

437 3629 607 3696 lcircu(pro
632 3632 709 3682 crrcir
735 3634 752 3685 i.
777 3649 798 3682 e..
828 3633 941 3696 circum,
972 3620 1050 3682 crrcii²
1075 3630 1224 3698 acuantur
1253 3632 1283 3682 G.
1313 3627 1326 3697 ll
1359 3631 1402 3682 uti
1430 3637 1507 3684 ante·

367 3719 509 3782 pagmenti
531 3716 569 3780 (f)
594 3732 639 3780 epo
663 3717 707 3779 (cf.
724 3733 753 3780 p.
772 3719 817 3776 98,
837 3713 879 3782 8):
909 3717 951 3765 uti
973 3721 1205 3783 antepagmenta
1230 3714 1356 3778 GH-(nti
1377 3716 1406 3765 in
1429 3723 1507 3767 ante·

367 3803 524 3866 pagmentis
542 3797 621 3866 doe).
643 3794 656 3866 ll
680 3803 695 3850 3
714 3800 854 3850 clathrata
872 3803 912 3853 ed.
936 3802 1014 3853 Vera:
1034 3800 1094 3867 celo
1112 3804 1202 3849 strata
1222 3800 1243 3850 G
1262 3799 1440 3880 (celojtrata
1452 3796 1507 3866 δῦ),

369 3900 540 3952 caelostrata
556 3901 589 3951 H
604 3897 632 3964 (l,
650 3903 699 3951 aad
715 3903 784 3952 caelo
803 3906 892 3952 strata
910 3919 931 3961 c,
952 3902 1012 3967 calo
1031 3906 1119 3951 strata
1136 3901 1195 3958 Lac,
1216 3900 1275 3951 celo
1293 3905 1381 3950 strata
1398 3899 1435 3962 h).
1456 3896 1469 3966 ΙΙ
1493 3903 1509 3949 6

369 3984 470 4035 doricis
492 3987 553 4039 add.
577 3987 618 4035 ed.
636 3986 675 4039 ΕΙ.
696 3984 768 4049 (fieri
785 3986 883 4036 ionicis
903 3987 975 4049 GH).
997 3981 1009 4052 ll
1029 3987 1045 4035 9
1064 3985 1147 4034 aedes
1158 3986 1227 4033 solus
1238 3985 1271 4038 J..
1292 3978 1305 4050 ll
1330 3986 1361 4034 10
1379 3983 1509 4047 adempta

368 4067 531 4136 (adlempta
548 4068 588 4134 H)
607 4069 638 4118 H
654 4067 736 4133 (Llc):
756 4070 867 4135 dempta
888 4070 916 4121 G.
942 4066 955 4136 ll
977 4073 1007 4119 ll
1026 4069 1170 4134 bipertito:
1192 4069 1230 4115 sic
1250 4067 1308 4118 GH.
1333 4060 1345 4131 ΙΙ
1368 4068 1399 4114 13
1417 4065 1508 4131 dispo-

369 4153 467 4202 sitioni
487 4153 519 4203 G:
539 4169 606 4204 —ne
624 4153 657 4202 H
672 4149 749 4218 (Δία).
765 4149 777 4217 Η
796 4156 827 4203 14
845 4155 884 4204 X:
902 4155 940 4204 sic
960 4154 1018 4203 GH.
1036 4148 1049 4218 ss
1069 4153 1100 4200 15
1119 4151 1181 4199 alae
1198 4150 1269 4199 Joc:
1289 4149 1365 4197 aliae
1384 4147 1455 4214 (-io
1475 4150 1508 4213 G)

371 4237 429 4289 GH.
447 4233 460 4304 ΙΙ
475 4238 685 4291 sive...sunt:
703 4239 741 4286 sic
755 4236 807 4285 GH
820 4236 864 4300 (cf.
876 4253 903 4300 p.
914 4236 1064 4298 98,6etc.).
1083 4229 1096 4301 ΙΙ
1120 4233 1251 4286 18eadd.
1265 4233 1325 4284 Joc.
1339 4229 1386 4293 (12²,
1403 4233 1477 4297 rec).
1493 4231 1506 4296 ll

369 4323 403 4371 20
425 4318 644 4388 interantaslet
663 4322 696 4372 G:
724 4322 796 4370 inter
818 4328 885 4370 anta
900 4316 905 4384 Ι
921 4317 943 4367 dr
959 4320 992 4369 H
1013 4317 1097 4383 (inter
1120 4321 1188 4366 anta
1210 4313 1233 4364 ἃ
1254 4316 1285 4365 cla
1305 4317 1355 4365 aed
1375 4321 1452 4366 anta⁸
1473 4315 1508 4377 H,

370 4405 560 4455 interantur
581 4410 602 4464 t,
627 4407 700 4456 inter
717 4408 782 4455 anta
800 4408 828 4454 et
845 4403 889 4467 L).
914 4399 927 4469 ll
948 4405 979 4453 21
1000 4402 1105 4452 alterae
1125 4401 1306 4465 disponantur
1326 4401 1396 4452 Joc:
1421 4402 1510 4452 altera

370 4489 449 4538 aedis
466 4486 565 4566 laedes
583 4487 618 4556 L)
637 4495 753 4554 ponatur
773 4489 830 4539 GH.
853 4482 865 4553 Η
890 4501 993 4550 eaeque
1006 4487 1077 4536 Joc.:
1097 4500 1184 4550 aeque
1199 4484 1253 4534 GH
1267 4481 1367 4548 (aeque
1379 4485 1436 4535 sint
1453 4488 1509 4535 ima

373 4607 402 4665 (ι’,
422 4621 526 4671 aeques
544 4608 642 4657 intima
654 4608 714 4670 ch,
732 4595 950 4689 heqnqbiutima
968 4604 1012 4669 L).
1036 4599 1049 4670 [l
1075 4605 1107 4654 22
1125 4576 1178 4655 till
1198 4603 1239 4653 6⁶.
1261 4597 1273 4666 ll
1297 4603 1331 4652 24
1348 4602 1420 4654 imae
1438 4603 1509 4655 doc:

371 4709 429 4757 ima
447 4707 506 4761 GH.
529 4706 541 4773 ll
565 4707 640 4758 altae
658 4708 728 4760 Joc:
747 4708 805 4759 alia
824 4708 883 4758 GH.
1266 4783 1310 4852 7*
