3784 5625
698 615 745 698 nn
769 651 1036 699 sncmmorunn
1060 654 1129 699 Llss.
1153 655 1176 699 r.
1468 642 1508 703 15

363 805 409 866 cis
432 804 571 867 influunt
594 802 737 884 fructus,
760 825 825 867 non
847 804 925 867 item
948 803 1207 887 feneratoribus,
1230 806 1326 870 aliter
1347 806 1452 871 beatis
1476 817 1508 871 et

363 903 528 987 delicatis,
558 904 746 990 potentibus
774 927 853 969 vero
882 928 1018 991 quorum
1041 906 1294 991 cogitationibus
1323 908 1508 995 respublica

363 1006 579 1089 gubernatur,
612 1006 656 1068 ad
687 1029 783 1069 usum
817 1006 1086 1090 conlocabuntur,
1121 1016 1153 1072 et
1181 1009 1311 1072 omnino
1339 1008 1508 1072 faciendae

364 1116 559 1194 suntraptae
582 1107 731 1172 omnibus
754 1110 902 1195 personis
924 1110 1147 1174 aedificiorum
1169 1108 1428 1174 distributiones,

330 1224 342 1270 1
447 1208 561 1272 Partes
590 1211 693 1295 ipsius
720 1211 958 1275 architecturae
986 1221 1063 1275 sunt
1089 1219 1173 1293 tres,
1201 1210 1401 1295 aedificatio,
1429 1234 1506 1296 gno·
1518 1226 1560 1274 111

362 1312 504 1394 monice,
533 1310 739 1377 machinatio.
789 1312 975 1376 aedificatio
1002 1321 1110 1375 autem
1138 1313 1247 1375 divisa
1269 1322 1317 1377 est
1339 1313 1542 1399 bipertitae

363 1413 522 1497 equibus
545 1436 610 1476 una
632 1423 681 1478 est
702 1416 867 1478 moenium
889 1424 922 1478 et
943 1415 1160 1478 communium
1182 1436 1315 1500 operum
1342 1416 1377 1477 in
1400 1414 1504 1500 publi—

363 1516 409 1577 cis
438 1512 517 1578 loois
546 1516 740 1599 conlocatio,
769 1515 871 1580 altera
899 1526 948 1580 est
976 1518 1178 1602 privatorum
1206 1516 1430 1580 aedificiorum
1453 1539 1507 1579 ex-

363 1614 508 1700 plicatio
557 1618 762 1702 publicorum
790 1627 898 1681 autem
921 1616 1170 1682 distributiones
1193 1627 1269 1681 sunt
1290 1627 1372 1699 tres,
1396 1640 1414 1680 e
1436 1620 1506 1704 qui-

363 1717 424 1779 bus
441 1727 490 1781 est
505 1739 569 1782 una
584 1718 795 1802 defensionis,
818 1720 921 1785 altera
935 1717 1116 1803 religionis,
1132 1720 1229 1783 tertia
1244 1721 1507 1807 opportunitatis.
1528 1726 1559 1773 10

363 1818 563 1884 defensionis
598 1830 648 1884 est
679 1843 843 1886 murorum
860 1821 1075 1908 'turriumque
1103 1831 1134 1885 et
1161 1832 1325 1907 portarum
1354 1825 1437 1887 ratio
1465 1822 1508 1885 ad

363 1919 505 1987 hostium
534 1924 675 2008 impetus
704 1933 861 2010 perpetuo
890 1922 1095 2009 repellendos
1119 1926 1314 2008 excogitata,
1337 1923 1507 2008 religionis

363 2022 497 2088 deorum
519 2024 738 2089 inmortalium
759 2026 909 2090 fanorum
930 2025 1124 2111 aediumque
1139 2047 1302 2089 sacrarum
1318 2024 1507 2106 conlocatio,

365 2128 616 2213 opportunitatis
644 2130 861 2192 communium
889 2127 1034 2191 locorum
1060 2127 1103 2190 ad
1129 2149 1225 2192 usum
1252 2127 1418 2214 publicum
1441 2128 1506 2190 dis-

365 2230 501 2313 positio,
530 2230 579 2292 uti
597 2228 718 2315 ¹portus
746 2230 817 2295 fora
843 2231 987 2317 porticus
1022 2229 1171 2292 balineae
1204 2230 1332 2293 theatra
1359 2229 1558 2291 inambu-15

364 2328 499 2394 lotiones
536 2341 707 2417 ceteraque
740 2354 823 2417 quae
849 2332 955 2395 isdem
982 2331 1164 2394 rationibus
1193 2331 1225 2391 in
1255 2329 1396 2417 publicis
1426 2329 1506 2392 locis

364 2432 587 2517 designantur.

329 2547 344 2593 2
448 2533 539 2597 Haeo
553 2544 662 2598 autem
684 2536 731 2598 ita
752 2534 823 2597 fieri
846 2534 968 2597 debent
989 2544 1025 2598 ut
1039 2533 1210 2597 ‘habeatur
1236 2533 1319 2597 ratio
1341 2531 1504 2596 firmitatis

363 2634 515 2699 utilitatis
545 2637 738 2700 venustatis.
782 2635 945 2700 firmitatis
969 2626 1165 2700 erit'habita
1186 2636 1284 2718 ratio,
1314 2656 1387 2697 cum
1409 2630 1517 2696 fuerit

341 2737 647 2801 ‚fundamentorum
675 2737 717 2800 ad
745 2736 884 2801 solidum
913 2738 1081 2825 depressio
1111 2748 1143 2801 et
1170 2758 1297 2825 quaque
1326 2758 1343 2798 e
1371 2738 1559 2800 materiato

364 2842 529 2926 copiarum
545 2842 616 2904 sine
637 2841 777 2904 avaritia
799 2839 940 2926 diligens
964 2840 1094 2922 electio,
1117 2839 1268 2904 utilitatis
1291 2849 1409 2921 autem,
1435 2862 1507 2902 eum

322 2976 328 2981 ·
365 2943 536 3006 emendata
564 2953 595 3006 et
622 2944 693 3006 sine
721 2942 922 3029 inpeditione
949 2966 1027 3007 usus
1050 2941 1192 3007 locorum
1215 2942 1386 3028 dispositio
1410 2951 1442 3005 et
1464 2941 1507 3004 ad

362 3046 513 3128 regiones
542 3047 593 3109 sui
621 3046 778 3131 cuiusque
804 3047 934 3130 generis
965 3055 1042 3132 apta
1064 3054 1096 3108 et
1118 3045 1286 3109 commoda
1308 3042 1506 3124 distributio,

364 3148 545 3211 venustatis
574 3170 651 3213 vero
680 3170 753 3211 cum
780 3147 879 3212 fuerit
912 3149 1019 3233 operis
1048 3147 1173 3232 species
1201 3156 1294 3230 grata
1320 3154 1352 3208 et
1375 3144 1506 3229 elegans

365 3249 645 3336 membrorumque
673 3271 876 3314 commensus
904 3251 1008 3313 iustas
1031 3248 1151 3311 habeat
1172 3247 1435 3334 symmetriarum
1455 3267 1505 3308 ra·
1524 3254 1558 3303 25

364 3351 601 3416 tiocinationes.
1432 3428 1436 3434 .

332 3466 345 3511 1
449 3453 488 3515 In
520 3456 601 3540 ipsis
635 3476 712 3518 vero
746 3453 915 3518 moenibus
945 3475 983 3516 ea
1015 3462 1109 3543 erunt
1140 3453 1312 3540 principia.
1366 3451 1558 3538 primumlv

364 3552 479 3619 electio
501 3554 565 3618 loci
587 3557 801 3620 saluberrimi.
844 3557 873 3619 is
896 3564 1004 3619 autem
1028 3557 1089 3619 erit
1118 3555 1266 3619 excelsus
1311 3563 1343 3616 et
1364 3575 1429 3617 non
1451 3573 1506 3614 ne-

434 3834 447 3881 1
467 3832 532 3880 item
553 3833 629 3883 Phia:
648 3831 722 3882 idem
742 3833 798 3882 GH.
821 3828 833 3898 Η
855 3833 870 3885 ,5
889 3829 970 3894 (rubr.
990 3834 1048 3881 mai.
1067 3830 1126 3896 liu.)
1145 3832 1192 3883 Vl.
1210 3832 1253 3881 De
1272 3829 1399 3895 partibus
1417 3826 1504 3875 archi·

304 3979 311 3992 ι
365 3920 500 3966 tecturae.
526 3915 584 3964 GH.
608 3913 620 3981 Η
648 3915 903 3981 6biper(pG)tito:
926 3918 963 3965 sic
991 3917 1049 3966 GH.
1074 3913 1087 3982 Η
1117 3919 1148 3965 10
1171 3921 1213 3966 est
1231 3931 1286 3964 una
1304 3918 1333 3965 H
1351 3914 1421 3979 (Ltlz
1451 3928 1507 3961 una

367 4006 410 4050 est
430 4001 451 4050 0
470 3998 531 4064 (cl).
561 3996 573 4066 Η
602 4002 633 4048 12
657 4000 834 4064 repellendus
852 4001 889 4053 H.
907 3997 919 4066 Η
935 4000 1096 4065 Belegionis
1114 4002 1150 4050 H.
1174 3997 1186 4066 Η
1208 4002 1239 4050 13
1258 4000 1426 4050 rmortahum
1448 4004 1507 4045 unte

366 4136 434 4171 corr.
455 4091 495 4182 (i)
515 4119 552 4166 H.
569 4114 581 4183 Η
597 4133 751 4168 sacrarum:
775 4134 914 4169 sacrorum
934 4118 992 4168 GH.
1014 4115 1026 4184 Η
1050 4120 1082 4168 15
1104 4121 1145 4167 uti
1162 4119 1191 4166 H
1210 4116 1292 4181 (Lle):
1311 4120 1342 4165 ut
1361 4115 1391 4164 (ι’.
1407 4111 1419 4180 Η
1435 4114 1508 4163 bali-

366 4218 420 4251 nea
438 4212 497 4252 ante
515 4218 569 4255 rus.
588 4204 629 4263 H,
648 4203 750 4253 balnea
769 4203 832 4252 GH0
851 4202 931 4266 (Llc).
958 4199 970 4269 Η
994 4204 1025 4251 16
1043 4203 1119 4251 hisde
1138 4203 1165 4251 H
1187 4198 1268 4263 (hle).
1285 4197 1296 4265 Η
1313 4199 1383 4249 locis
1403 4199 1438 4248 G:
1461 4215 1508 4250 om.

370 4288 399 4335 H
417 4286 495 4351 (Ltc).
512 4285 524 4353 Η
546 4290 579 4338 20
597 4292 626 4337 et
643 4290 704 4340 add.
722 4289 778 4338 Joc.
798 4285 951 4353 (depressio
965 4313 999 4323 —
1014 4286 1158 4350 depraesro
1172 4287 1200 4334 H
1212 4312 1244 4318 -
1257 4298 1339 4349 quaq3
1359 4283 1429 4345 GH).
1445 4280 1458 4349 Η
1474 4286 1506 4332 21

371 4386 431 4420 cunr
459 4371 555 4435 (luerit
576 4375 637 4423 add.
660 4371 757 4436 Mar.):
785 4389 831 4426 om.
860 4370 966 4437 (autem
986 4371 1134 4421 emendata
1156 4378 1183 4420 ut
1199 4372 1233 4420 sit
1254 4373 1316 4419 aute
1336 4385 1386 4434 pro
1414 4365 1462 4418 aut
1480 4368 1507 4431 ὁ)

374 4455 431 4504 GH.
447 4452 460 4521 Η
475 4459 508 4505 22
521 4472 586 4508 usus
601 4458 658 4510 Gal.
672 4457 761 4522 (rec.):
774 4474 824 4508 usu
836 4443 893 4507 GH.
911 4453 923 4522 Η
938 4458 972 4506 25
985 4456 1183 4522 {membrorum
1195 4456 1232 4504 H.
1252 4451 1264 4521 Η
1283 4462 1343 4504 ante
1354 4472 1378 4507 u.
1391 4457 1425 4504 27
1436 4453 1508 4503 mbr.

371 4540 430 4588 mai.
449 4542 475 4588 in
495 4542 553 4595 GH.
572 4559 614 4593 v11
634 4541 701 4605 (num
719 4560 765 4593 om.
785 4543 826 4605 G).
859 4544 902 4591 De
922 4545 1102 4606 corporatura
1126 4537 1242 4607 (corpor.
1262 4544 1344 4613 utura
1361 4546 1420 4588 unte
1437 4550 1506 4591 corr.

371 4622 403 4686 G)
423 4625 581 4675 animalium
598 4633 625 4677 et
642 4628 764 4678 locorum
782 4627 957 4678 salubritate.
979 4625 1036 4676 GH.
1059 4621 1072 4691 Η
1094 4627 1126 4674 27
1146 4640 1180 4675 ea
1197 4641 1243 4676 om.
1264 4625 1285 4674 G
1303 4625 1362 4688 (sed
1377 4626 1445 4674 inter
1462 4626 1505 4678 tin.

368 4709 453 4771 suppl.
475 4708 527 4775 GC).
