3784 5625
687 645 735 693 nn
757 646 1024 695 snonrrncross
1048 648 1119 695 aus.
1142 648 1188 696 rv.
1467 634 1509 699 95

364 809 420 864 aut
443 800 585 881 decima,
614 822 673 885 pro
699 808 770 862 rata
791 808 894 885 parte.
938 801 973 863 in
995 800 1147 865 concluso
1170 802 1255 864 enim
1278 822 1352 865 aere
1375 802 1402 865 si
1427 824 1509 888 quae

366 910 562 967 extenuatae
584 910 694 985 erunt,
722 923 793 964 non
815 901 1051 967 discernentur.
1096 904 1148 966 sin
1175 912 1284 967 autem
1307 902 1509 966 videbuntur

365 1003 572 1089 graciliores,
609 1023 681 1065 cum
709 1003 927 1067 exterioribus
955 1003 1079 1069 fuerint
1105 1005 1204 1068 striae
1236 1023 1286 1069 xx
1312 1013 1369 1068 aut
1392 1022 1507 1088 xxrrrr,

365 1107 400 1170 in
433 1105 485 1169 his
516 1104 687 1193 faciendae
720 1114 815 1167 erunt
847 1122 962 1169 xxvnr
994 1115 1051 1169 aut
1083 1124 1196 1170 xxxu.
1251 1108 1299 1171 ita
1333 1106 1421 1192 quod
1453 1107 1506 1170 de-

364 1206 507 1272 trahitur
529 1207 570 1270 de
593 1226 728 1293 corpore
751 1207 856 1292 scapi,
887 1207 1039 1270 striarum
1061 1229 1195 1271 numero
1217 1208 1345 1272 adiecto
1366 1207 1544 1297 adauge-a

364 1311 456 1374 bitur
476 1311 601 1373 ratione
624 1330 688 1393 quo
716 1310 824 1371 minus
853 1307 1020 1390 videatur,
1043 1318 1075 1373 et
1102 1311 1149 1374 ita
1176 1309 1415 1395 exaequabitur
1443 1310 1508 1374 dis-

330 1412 437 1497 spari
464 1412 590 1475 ratione
618 1408 840 1474 columnarum
874 1412 1069 1475 crassitudo,
1119 1411 1181 1475 hoc
1207 1419 1315 1474 autem
1344 1410 1445 1475 efficit
1472 1434 1510 1474 ea

365 1514 448 1577 ratio
472 1510 559 1597 quod
582 1510 693 1576 oculus
715 1510 810 1598 plura
839 1520 871 1575 et
893 1512 1058 1576 crebriora
1085 1514 1180 1597 signa
1201 1512 1365 1598 tangendo
1387 1515 1510 1578 maiore

365 1616 458 1678 visus
487 1614 713 1688 circumitione
746 1623 956 1699 pervagatur.
1005 1636 1146 1701 namque
1174 1616 1202 1679 si
1230 1614 1315 1677 duae
1343 1614 1510 1679 columnae

364 1738 469 1802 aeque
491 1736 620 1779 crassae
648 1715 743 1777 lineis
764 1707 1081 1800 'circummetientum
1112 1738 1129 1778 e
1152 1715 1271 1802 quibus
1293 1738 1358 1779 una
1380 1718 1424 1780 sit
1445 1739 1511 1781 non
1530 1734 1561 1780 10

366 1818 482 1883 striata
504 1825 535 1880 et
557 1815 659 1881 altera
682 1818 811 1899 striata,
842 1826 874 1880 et
896 1818 983 1880 circa
1010 1816 1175 1902 striglium
1205 1840 1285 1882 cava
1313 1828 1345 1882 et
1372 1818 1510 1904 angulos

366 1920 521 1983 striarum
542 1917 628 1981 linea
650 1940 785 2004 corpora
806 1927 936 2003 tangat,
958 1920 1090 1983 tametsi
1112 1919 1279 1982 columnae
1300 1942 1403 2006 aeque
1425 1942 1509 1984 cras·

366 2043 422 2085 sae
444 2020 576 2103 fuerint,
599 2019 704 2083 lineae
727 2041 809 2105 quae
832 2020 1051 2085 circumdatae
1075 2031 1168 2086 erunt
1189 2043 1254 2085 non
1276 2031 1372 2100 erunt
1392 2034 1509 2108 aequa-

366 2121 425 2204 les,
450 2122 536 2208 quod
552 2123 706 2186 striarum
720 2132 752 2185 et
768 2121 930 2207 striglium
947 2124 1103 2187 circuitus
1118 2124 1274 2187 maiorem
1289 2122 1390 2187 efficit
1405 2122 1511 2188 lineae

366 2221 617 2308 longitudinem.
654 2225 705 2287 sin
726 2233 835 2287 autem
857 2222 918 2287 hoc
940 2225 987 2288 ita
1008 2223 1186 2307 videbitur,
1209 2246 1274 2288 non
1297 2233 1347 2287 est
1367 2225 1510 2287 alienum
1530 2243 1561 2290 15

366 2327 402 2388 in
423 2327 572 2410 angustis
595 2325 674 2389 locis
697 2335 730 2389 et
744 2326 779 2388 in
795 2323 948 2389 concluso
963 2327 1069 2412 spatio
1084 2324 1273 2410 graciliores
1290 2325 1509 2388 columnarum
1616 2320 1619 2332 ’

367 2428 574 2514 symmetrias
596 2428 632 2490 in
654 2448 751 2515 opere
774 2428 987 2510 constituere,
1016 2448 1089 2489 cum
1113 2426 1289 2491 habeamus
1316 2427 1509 2490 adiutricem

331 2540 348 2587 4
367 2530 540 2594 striaturae
554 2538 818 2616 temperaturam.
857 2530 963 2616 ipsius
977 2538 1087 2592 autem
1102 2527 1202 2590 cellae
1216 2530 1378 2614 parietum
1394 2530 1509 2591 crassi·

366 2630 515 2694 tudinem
535 2653 594 2717 pro
614 2641 685 2696 rata
705 2640 797 2717 parte
818 2630 1055 2716 magnitudinis
1069 2630 1141 2693 fieri
1156 2640 1299 2716 oportet,
1323 2630 1399 2693 dum
1415 2640 1510 2694 antae

366 2755 479 2796 eorum
488 2732 760 2797 crassitudinibus
773 2730 995 2798 columnarum
1007 2734 1073 2797 sint
1083 2732 1246 2821 aequales.
1276 2733 1352 2797 etsi
1370 2733 1510 2796 extructi
1529 2751 1563 2798 ro

367 2835 471 2899 futuri
488 2845 575 2917 sunt,
592 2856 689 2921 quam
703 2835 932 2899 minutissimis
950 2838 1125 2900 caementis
1142 2846 1320 2920 struantur,
1337 2837 1511 2899 sinautem

367 2937 526 3024 quadrato
542 2959 623 3002 saxo
637 2947 695 3001 aut
709 2958 880 3021 marmore,
896 2940 1039 3002 maxime
1053 2939 1190 3003 modicis
1205 2938 1405 3026 paribusque
1420 2938 1511 3001 vide-

366 3050 422 3102 tur
449 3061 525 3103 esse
548 3039 755 3122 faciundum,
792 3032 879 3124 quod
905 3040 1014 3103 media
1040 3051 1231 3125 coagmenta
1257 3041 1358 3103 medii
1386 3040 1511 3126 lapides

367 3143 570 3206 continentes
593 3141 769 3205 firmiorem
784 3141 905 3205 facient
920 3143 1025 3206 omnis
1041 3144 1147 3228 operis
1161 3143 1410 3228 perfectionem,
1433 3144 1511 3205 item

358 3244 491 3306 *circum
514 3253 704 3328 coagmenta
727 3252 759 3306 et
782 3241 903 3306 cubilia
926 3245 1105 3307 eminentes
1133 3245 1357 3330 expressiones
1379 3242 1510 3328 graphi·
1529 3261 1562 3308 25
1638 3321 1645 3332 ι

368 3355 500 3408 coteran
523 3344 667 3408 efficient
690 3346 725 3407 in
746 3354 881 3430 aspectu
905 3343 1165 3410 delectationem.

337 3461 349 3506 1
451 3447 616 3531 Regiones
638 3455 746 3509 autem
769 3467 849 3530 quas
873 3445 993 3510 debent
1015 3456 1161 3533 spectare
1182 3447 1279 3511 aedes
1303 3469 1413 3510 sacrae
1436 3446 1511 3511 deo·
1530 3462 1554 3514 V

368 3568 440 3611 rum
468 3546 707 3630 inmortalium,
737 3549 784 3611 sic
813 3558 906 3612 erunt
929 3550 1176 3613 constituendae
1197 3550 1246 3612 uti
1268 3550 1296 3612 si
1318 3547 1408 3612 nulla
1430 3553 1513 3614 ratio

436 3754 521 3805 axx
539 3758 588 3805 sut
604 3755 668 3804 aaa.
686 3754 795 3804 Meam
813 3752 911 3818 (striae
934 3760 1013 3812 μω
1029 3753 1033 3822 Ι
1051 3756 1081 3812 a)
1098 3756 1207 3806 xxun
1226 3756 1296 3821 on).
1323 3753 1336 3821 1
1362 3758 1380 3805 4
1402 3735 1512 3822 sacieris

371 3839 413 3889 Gc.
432 3834 445 3904 11
469 3839 607 3902 61111οΗ
621 3836 706 3903 (Llc):
725 3838 795 3903 quod
815 3837 873 3905 (qd)
894 3839 922 3889 G.
946 3837 958 3905 11
982 3840 1112 3890 videatur
1129 3856 1188 3904 eqo:
1206 3841 1315 3891 videtur
1332 3841 1365 3888 H
1379 3839 1452 3903 (Llc,
1471 3858 1513 3891 ur·

369 3923 479 3987 debitur
500 3922 541 3986 1⁶),
559 3923 699 3973 videbitur
718 3924 747 3975 G,
769 3920 781 3989 11
801 3925 818 3972 8
835 3925 917 3990 signa
931 3925 1072 3989 tangendo
1094 3925 1160 3976 Llc:
1185 3925 1278 3990 signat
1300 3924 1438 3988 tangendo
1463 3926 1514 3976 GH

369 4007 439 4072 (leh).
456 4003 469 4072 11
486 4008 522 4057 10
536 4022 629 4057 cresse
650 4007 760 4072 0(—se
781 4007 844 4071 G0):
860 4011 948 4058 crassi
966 4010 998 4056 H
1007 4011 1047 4068 (lc,
1067 4009 1166 4058 crassis
1186 4007 1227 4069 L).
1245 4004 1257 4072 11
1278 4012 1308 4057 11
1329 4012 1357 4058 et
1374 4010 1436 4057 add.
1454 4009 1510 4057 doc.

369 4089 481 4155 (striata
494 4091 570 4142 circa
584 4091 653 4156 GH).
672 4089 685 4158 11
699 4091 848 4157 striglium:
866 4097 905 4143 sic
918 4095 976 4152 GH,
994 4099 1021 4142 at
1039 4093 1127 4142 Iacere.
1140 4094 1166 4149 3,
1180 4095 1232 4140 263
1245 4090 1389 4155 striglibus
1406 4088 1513 4155 (strigi—

368 4175 436 4225 lium
454 4175 519 4228 Lar.
538 4177 574 4239 cf.
588 4177 667 4234 Neue,
686 4177 747 4228 Lat.
760 4177 844 4229 Form.
863 4178 888 4237 I,
901 4182 960 4227 2⁶6.
983 4178 1124 4227 Schneider
1142 4176 1182 4233 ΙΙ,
1196 4174 1267 4238 245).
1285 4171 1297 4239 11
1316 4177 1346 4224 13
1365 4189 1419 4224 non
1432 4180 1514 4223 erunt

369 4262 430 4311 add.
457 4261 516 4312 Joc.
544 4258 723 4323 (circumdate
746 4265 827 4310 erunt
847 4265 938 4316 (erunt
953 4261 958 4324 Ι
975 4262 1004 4317 G)
1022 4255 1154 4325 aequales
1178 4259 1251 4320 GH).
1274 4254 1287 4322 11
1311 4259 1342 4306 14
1360 4259 1511 4322 striglium:

368 4363 407 4411 ric
425 4362 487 4412 ela
510 4357 522 4427 11
546 4361 634 4412 elficit
652 4363 684 4411 H
700 4361 782 4425 (Llc):
803 4360 906 4411 efficiet
926 4362 958 4412 G.
976 4358 989 4427 11
1010 4363 1042 4410 16
1059 4351 1131 4425 licis
1151 4360 1195 4410 dc.
1216 4354 1227 4424 11
1249 4358 1280 4406 18
1298 4358 1447 4409 striaturae
1465 4376 1512 4424 epo

370 4445 509 4509 (striarum
528 4447 595 4513 ed.)t
614 4449 772 4498 striatarum
794 4444 852 4499 GH.
876 4440 888 4511 11
910 4445 1021 4509 parietis
1040 4444 1062 4492 G
1079 4441 1140 4506 (L):
1159 4447 1239 4507 parte
1257 4445 1314 4491 tum
1327 4441 1422 4506 11110).
1444 4438 1456 4508 11
1482 4445 1513 4493 19

369 4529 571 4596 magnitudinis
590 4531 624 4584 O:
652 4548 735 4582 -nes
753 4532 785 4580 H
803 4528 882 4596 (Llc).
909 4525 976 4594 [120
993 4526 1126 4576 exstructi
1146 4527 1179 4584 θ,
1203 4529 1321 4577 extructi
1336 4527 1378 4578 H:
1395 4527 1458 4590 sort.
1479 4542 1513 4576 ex

369 4620 487 4666 structo.
507 4611 520 4682 ΙΙ
542 4617 576 4666 13
588 4616 763 4666 faciundum:
793 4618 831 4666 sic
854 4612 912 4665 GH.
937 4608 949 4680 11
971 4611 1079 4676 lapides
1101 4610 1138 4661 L:
1168 4611 1271 4677 lapidis
1296 4602 1348 4662 GH
1369 4610 1423 4676 (Ie).
1446 4607 1514 4680 1125

369 4700 598 4768 graphicoteran:
616 4702 655 4752 sic
674 4700 732 4753 GH.
809 4707 812 4712 '
