3784 5625
687 681 734 729 na
757 680 1024 732 normanorum
1047 685 1116 731 nin.
1141 682 1172 730 v.
1307 676 1311 687 ·
1446 668 1550 733 113⁴

367 856 617 921 synemmenon,
652 844 807 921 paranete
840 858 1095 922 synemmenon,
1129 837 1205 899 trite
1239 836 1507 921 diezeugmenon,

366 944 520 1021 paranete
543 934 815 1019 diezeugmenon,
839 938 915 999 trite
938 935 1191 1023 hyperbolaeon,
1215 948 1368 1024 paranete
1389 938 1508 1025 hyper-

331 1036 513 1101 obolaeon.
564 1037 594 1099 ei
622 1026 731 1100 autem
759 1050 826 1123 qua
852 1048 1040 1119 moventur,
1069 1039 1232 1123 recipiunt
1253 1040 1392 1103 virtutes
1415 1039 1506 1123 aliaS,

365 1138 538 1202 intervalla
581 1138 667 1200 enim
704 1147 736 1199 et
772 1137 945 1201 distantias
982 1138 1104 1202 habent
1141 1148 1333 1203 crescentes.
1369 1140 1508 1227 'itaque

365 1239 563 1325 parhypate,
587 1239 719 1323 quaein
741 1237 909 1303 harmonia
931 1239 1033 1303 distat
1054 1240 1096 1304 ab
1114 1239 1237 1325 hypate
1259 1239 1431 1305 dimidium
1452 1242 1507 1305 he·
1526 1255 1541 1302 5

271 1399 276 1406 ,
365 1340 552 1420 mitonium,
590 1341 640 1425 in⁵
657 1338 788 1402 chroma
815 1349 993 1403 tramutata
1025 1340 1124 1403 habet
1151 1340 1384 1406 hemitonium·
1425 1364 1508 1428 quae

365 1439 510 1504 lichanos
537 1442 572 1503 in
594 1440 762 1505 harmonia
785 1440 921 1524 dicitur,
952 1441 994 1505 ab
1015 1441 1138 1527 hypate
1160 1441 1261 1506 distat
1283 1444 1507 1525 hemitonium,

364 1542 400 1603 in
428 1541 561 1606 chroma
587 1540 746 1605 translata
769 1538 981 1628 progreditur
1009 1540 1074 1606 duo
1096 1542 1290 1625 hemitonia,
1318 1546 1352 1606 in
1375 1543 1507 1609 diatono

364 1642 468 1706 distat
483 1642 525 1706 ab
540 1644 663 1730 hypate
678 1643 742 1705 tria
762 1643 950 1726 hemitonia.
987 1645 1034 1707 ita
1054 1667 1078 1706 x
1100 1645 1225 1707 sonitus
1248 1654 1381 1732 propter
1401 1655 1507 1709 traus-

365 1741 504 1807 lationes
532 1746 566 1808 iu
595 1726 769 1829 generibus
798 1743 946 1807 efficiunt
974 1746 1136 1830 triplicem
1163 1744 1423 1810 modulationum
1450 1769 1506 1810 va·
1527 1760 1559 1808 10

330 1846 524 1913 arietatem.
567 1846 777 1909 tetrachorda
798 1855 907 1908 autem
930 1855 1007 1909 sunt
1029 1848 1188 1932 quinque,
1217 1849 1358 1934 primum
1380 1850 1507 1933 gravis·

365 1947 499 2025 simum,
528 1947 616 2032 quod
642 1969 759 2032 graece
787 1948 908 2011 dicitur
929 1956 1077 2028 vasaei),
1107 1949 1287 2011 secundum
1309 1950 1507 2032 medianum,

366 2046 454 2132 quod
476 2046 660 2134 appellatur
682 2065 802 2132 μεσον,
826 2050 960 2112 tertium
983 2049 1206 2133 coniunctum,
1230 2050 1318 2136 quod
1341 2069 1507 2135 συνημμε·

364 2172 428 2212 νον
450 2148 586 2232 dicitur,
617 2159 769 2235 quartum
792 2150 1009 2230 disiunctum,
1037 2149 1125 2235 quod
1148 2151 1382 2234 ὃιεζευγμενον
1404 2154 1507 2216 nomi-

364 2259 476 2331 natur,
500 2251 668 2336 quintum,
697 2251 784 2338 quod
801 2261 850 2315 est
872 2252 1113 2332 acutissimum,
1141 2272 1259 2335 graece
1282 2255 1508 2336 υπερβολαιον
1527 2266 1558 2313 to

366 2351 497 2414 dicitur.
549 2361 722 2416 concentus
757 2374 837 2437 quos
870 2361 989 2416 natura
1020 2351 1161 2415 hominis
1194 2351 1356 2415 modulari
1388 2362 1506 2438 potest,

365 2444 546 2537 graeceque
575 2469 770 2536 capparum
798 2453 968 2535 dicuntur,
997 2460 1073 2515 sunt
1095 2474 1171 2533 sex,
1195 2452 1412 2535 diatessaron,
1436 2454 1506 2515 dia·

365 2563 478 2640 pente,
502 2553 677 2639 diapason,
701 2564 734 2618 et
748 2554 1021 2635 disdiatessaron,
1046 2562 1078 2615 et
1092 2552 1313 2644 disdiapente,
1336 2563 1368 2617 et
1383 2552 1506 2617 disdia-

332 2675 479 2741 spason.
529 2654 669 2740 ideoque
697 2665 729 2718 et
762 2679 782 2718 a
808 2678 942 2720 numero
971 2656 1104 2720 nomina
1121 2650 1296 2739 ceperunt,
1324 2655 1507 2739 quodcum

366 2778 437 2822 vox
450 2756 632 2820 eonstiterit
647 2757 682 2820 in
696 2778 762 2820 una
784 2780 938 2822 sonorum
959 2755 1105 2820 finitione
1127 2754 1169 2819 ab
1193 2777 1295 2842 eaque
1317 2777 1353 2819 se
1373 2756 1507 2820 flectens
1526 2769 1558 2817 20

365 2843 547 2923 mutaverit
562 2867 594 2922 et
609 2862 794 2944 pervenerit
810 2861 845 2922 in
860 2869 1010 2946 quartam
1031 2859 1304 2940 terminationem,
1327 2857 1509 2945 appellatur

367 2962 586 3044 diatessaron,
619 2962 654 3024 in
682 2963 829 3046 quintam
857 2960 1027 3048 diapente,
1055 2962 1090 3023 in
1117 2969 1244 3022 sextam
1271 2961 1445 3046 diapason,
1474 2961 1509 3023 in

367 3071 517 3127 octavam
547 3071 579 3125 et
600 3062 772 3125 dimidiam
794 3064 954 3149 diapason
976 3072 1008 3125 et
1030 3061 1249 3143 diatessaron,
1280 3062 1315 3122 in
1335 3082 1454 3126 nonam
1477 3071 1509 3125 et

334 3163 540 3234 odimidiam
567 3163 727 3250 diapason
762 3173 794 3227 et
828 3163 998 3250 diapente,
1027 3164 1061 3225 in
1094 3180 1146 3225 ΧΠ
1173 3161 1395 3248 disdiapason.
1444 3184 1509 3225 non
1585 3238 1587 3241 ι

368 3267 455 3328 enim
468 3266 554 3328 inter
576 3263 641 3328 duo
663 3263 854 3346 intervalla,
879 3287 953 3328 cum
975 3263 1169 3327 chordarum
1192 3263 1316 3327 sonitus
1339 3272 1396 3326 aut
1417 3264 1508 3327 vocis
1526 3276 1560 3324 25

368 3376 483 3431 eantus
510 3366 617 3429 faetus
651 3365 766 3447 fuerit,
795 3387 857 3429 nec
884 3368 918 3429 in
946 3366 1043 3428 tertia
1071 3373 1128 3427 aut
1154 3357 1249 3429 sexta
1273 3373 1330 3427 aut
1357 3382 1408 3429 v11
1435 3387 1509 3451 pos-

435 3556 494 3607 hei
513 3560 603 3606 autem
622 3570 688 3619 qna:
707 3556 743 3604 sie
764 3555 821 3604 GH.
843 3551 854 3620 Η
875 3556 890 3605 5
910 3555 1033 3604 armonia
1052 3555 1111 3603 GH.
1127 3550 1140 3619 ll
1154 3554 1258 3618 hypate
1271 3553 1411 3603 dimidium
1424 3553 1509 3602 hemi-

368 3642 474 3691 tonium
493 3640 565 3689 Mor.
585 3638 699 3703 (hypate
718 3638 785 3688 diesi
802 3641 885 3702 Joc.):
905 3639 1008 3703 hypate
1026 3638 1204 3688 hemitonium
1219 3638 1277 3688 GH.
1299 3634 1312 3703 ΙΙ
1334 3639 1350 3686 6
1367 3637 1509 3687 inohroma

368 3728 554 3774 transmutata
575 3724 596 3774 G
614 3721 689 3790 (eelz),
708 3712 895 3772 inchromatra
912 3726 1018 3772 mutata
1035 3723 1065 3771 H
1083 3721 1317 3783 (metantem.
1336 3720 1370 3786 c).
1398 3717 1410 3787 ΙΙ
1438 3737 1508 3787 qnae

369 3810 448 3859 Lea:
468 3808 516 3872 qui
534 3807 594 3857 GH.
617 3803 629 3872 ΙΙ
652 3806 810 3857 'llichanoa
828 3808 897 3856 doe:
922 3807 1051 3856 liehanus
1067 3806 1124 3856 GH.
1147 3803 1160 3870 ll
1182 3809 1198 3856 8
1221 3805 1357 3855 translata
1379 3803 1510 3867 (traslata

371 3893 418 3956 (ἦε
435 3895 473 3942 aie
492 3892 546 3942 GH
560 3889 642 3956 (Llc).
666 3887 679 3956 ΙΙ
703 3893 733 3939 12
750 3891 873 3955 hypaton
888 3892 946 3941 GH.
969 3888 981 3956 ll
1006 3893 1036 3940 13
1054 3904 1149 3939 meson
1168 3890 1226 3939 GH.
1242 3886 1255 3954 ΙΙ
1271 3889 1315 3938 sin
1332 3889 1438 3938 hemme
1454 3903 1509 3936 non

371 3977 404 4034 G,
427 3976 471 4026 ain
488 3975 650 4026 hemmeuon
669 3975 700 4025 Η
716 3976 787 4039 (aa,
806 3976 909 4024 sinhem
929 3989 1072 4035 menone,
1095 3973 1301 4022 sinhemmenon
1317 3972 1345 4028 Ιι,
1364 3972 1508 4021 ainamma·

368 4075 422 4110 non
446 4059 501 4125 6⁶).
524 4056 536 4125 ss
559 4061 591 4108 14
609 4057 841 4124 diezeuglmenon
859 4061 892 4109 G:
912 4060 1119 4123 dieaeigmenon
1137 4056 1195 4119 (εἰσ)
1216 4057 1243 4104 Η
1261 4055 1510 4118 (die.zeegmeuon

368 4151 426 4194 cet
443 4150 504 4194 ante
526 4159 595 4196 corr.
613 4145 642 4204 Ιι,
667 4144 709 4192 die
728 4159 896 4208 zeugmenon
916 4145 962 4199 Le,
985 4142 1029 4190 die
1030 4154 1217 4221 Jeugmenon
1241 4140 1292 4197 L0,
1319 4135 1508 4204 dielaeugme-

368 4261 423 4296 non
440 4243 492 4307 lc).
508 4240 520 4310 ΙΙ
538 4245 570 4294 15
587 4243 774 4310 hyperboleon
794 4244 823 4304 G,
842 4242 995 4292 —holaeon
1012 4244 1042 4292 H
1060 4241 1203 4306 (—boleon
1215 4240 1264 4297 La,
1282 4237 1416 4288 —baleon
1433 4237 1506 4305 10).ss

369 4349 401 4397 16
421 4350 571 4398 concentus
589 4347 625 4399 H.
646 4341 658 4411 11
683 4346 713 4394 17
732 4342 891 4409 symphonia
910 4343 935 4391 (ι’-
950 4340 1029 4406 (ccl),
1048 4341 1217 4406 synphoniae
1236 4341 1265 4389 H
1282 4337 1361 4404 (Llc).
1383 4335 1396 4405 ΙΙ
1419 4327 1510 4390 dites-

368 4445 453 4481 aaron
470 4430 519 4478 H0.
542 4424 555 4494 [Ι
579 4432 610 4479 19
628 4430 745 4491 ideoque
764 4432 804 4478 et:
827 4429 864 4476 sie
879 4421 946 4478 GH.
970 4421 982 4491 ΙΙ
1009 4426 1119 4476 nomina
1142 4428 1288 4489 oeperunt:
1312 4423 1424 4474 nomina
1446 4440 1508 4475 ooe·
1533 4428 1539 4445 ⁸

369 4517 471 4581 perant
490 4513 542 4581 GH
565 4513 591 4576 (1,
610 4517 744 4577 oeperunt
761 4528 788 4575 e,
807 4515 975 4574 aeceperunt
992 4520 1019 4560 σθ
1036 4517 1062 4559 et
1078 4510 1105 4565 Ιι,
1127 4525 1226 4559 nomen
1246 4510 1421 4573 acceperunt
1431 4506 1475 4574 L).
1495 4505 1507 4574 Η

369 4634 404 4682 24
421 4632 557 4697 diapason
575 4631 706 4696 diapente
726 4631 776 4680 GH
794 4628 834 4691 (et
851 4631 911 4682 add.
930 4626 993 4691 ea).
1017 4626 1029 4695 ΙΙ
1052 4628 1126 4678 ΧΙΙ,;
1144 4632 1183 4679 sic
1202 4629 1254 4678 GH
1270 4599 1418 4693 (Xllich).
1442 4623 1454 4693 {l
1475 4627 1509 4676 26

369 4717 423 4768 v11
442 4714 471 4779 (i.
489 4731 511 4765 e.
529 4716 648 4779 septima
665 4712 736 4775 ed.):'
752 4720 856 4779 septem
876 4715 927 4763 GH
944 4712 1023 4778 (Ide).

406 4814 522 4853 vlrauv.
541 4815 576 4849 ns
596 4813 708 4855 ancum,
1288 4796 1308 4860 8
