3784 5625
688 703 735 748 nn
758 702 1029 750 assumserunt
1053 704 1121 750 um.
1145 711 1178 750 x.
1446 688 1509 753 275

330 862 473 918 tantem
494 854 523 917 is
546 853 643 917 coriis
667 854 775 917 crudis
799 854 1071 940 quemadmodum
1093 857 1203 920 turris.
1238 854 1279 917 de
1300 855 1430 918 terebra
1451 855 1509 919 has

364 954 524 1042 explicuit
552 955 683 1041 scriptis
710 956 864 1020 rationes.
908 958 1014 1042 ipsam
1036 957 1219 1020 machinam
1240 956 1289 1020 uti
1311 956 1510 1020 testudinem

363 1059 399 1121 in
421 1055 529 1120 medio
551 1055 725 1119 habentem
745 1056 948 1123 conlocatum
963 1059 997 1122 in
1013 1058 1201 1123 orthostatis
1218 1056 1375 1140 canalem,
1399 1079 1508 1144 quem-

363 1157 540 1223 admodum
566 1158 601 1220 in
631 1156 804 1244 catapultis
836 1167 892 1223 aut
917 1158 1065 1224 ballistis·
1082 1160 1153 1223 fieri
1176 1159 1273 1240 solet,
1305 1157 1510 1243 longitudine

365 1259 549 1323 cubitorum
572 1276 608 1339 u,
636 1258 811 1323 altitudine
834 1260 953 1345 cubiti,
983 1263 1102 1347 inquo
1125 1259 1384 1327 constituebatur
1404 1270 1508 1324 trans·
1527 1280 1543 1328 5

363 1382 462 1424 versa
490 1358 611 1423 sucula.
657 1361 693 1423 in
715 1363 822 1446 capite
849 1372 957 1425 autem
989 1362 1107 1426 dextra
1139 1384 1177 1426 ac
1209 1364 1342 1426 sinistra
1370 1361 1510 1425 trocleae

365 1462 465 1546 duae,
494 1484 553 1548 per
580 1483 660 1547 quas
688 1462 880 1526 movebatur
908 1462 1129 1549 quod‘inerat
1156 1465 1192 1527 in
1214 1486 1251 1528 eo
1274 1460 1381 1527 canali
1403 1463 1510 1548 eapite

364 1563 486 1627 ferrato
513 1564 651 1646 tignum.
697 1563 757 1627 sub
786 1585 823 1627 eo
850 1574 959 1627 autem
987 1566 1022 1628 in
1050 1567 1122 1651 ipso
1152 1564 1256 1629 canali
1288 1562 1407 1629 inclusi
1435 1564 1508 1628 tubi

365 1665 470 1729 crebri
504 1664 675 1728 celeriores
709 1674 741 1727 et
777 1664 1036 1730 vehementiores
1075 1666 1261 1730 efficiebant
1293 1666 1362 1729 eius
1392 1674 1510 1730 motus.

364 1789 462 1853 supra
483 1775 592 1830 autem
614 1765 649 1829 id
671 1768 800 1851 tignum
823 1766 910 1852 quod
932 1767 1015 1832 inibi
1038 1777 1107 1839 erat
1129 1790 1224 1831 arcus
1245 1767 1454 1854 erigebantur
1468 1766 1510 1830 ad
1530 1788 1561 1836 10

365 1868 510 1932 canalem
536 1868 711 1951 crebriter,
747 1870 796 1932 uti
829 1870 1027 1933 sustinerent
1055 1869 1179 1934 corium
1212 1868 1347 1932 crudum
1382 1891 1445 1955 quo
1473 1890 1511 1932 ea
1545 1936 1554 1944 x

330 1971 515 2038 amachina
537 1978 606 2032 erat
628 1969 785 2034 involuta.
831 1971 872 2034 de
894 1993 1008 2036 corace
1030 1970 1113 2034 nihil
1135 1972 1264 2058 putavit
1287 1970 1507 2053 scribendum,

366 2072 452 2159 quod
474 2070 749 2135 animadverteret
771 2094 842 2135 eam
864 2072 1047 2136 machinam
1068 2070 1190 2136 nullam
1208 2072 1331 2137 habere
1345 2072 1509 2135 virtutem.

366 2174 406 2238 de
433 2196 567 2237 accessu
574 2221 583 2255 ,
618 2194 701 2258 quae
731 2175 902 2256 επιβαθρα
930 2195 1047 2258 graece
1076 2173 1212 2254 dicitur,
1246 2182 1279 2235 et
1307 2172 1347 2235 de
1374 2172 1509 2235 marinis

365 2274 660 2340 machinationibus
691 2266 859 2361 quae'per
885 2276 1019 2338 navium
1042 2273 1150 2338 aditus
1173 2273 1289 2337 haberi
1309 2294 1405 2359 posse
1428 2274 1560 2344 scri-15

365 2378 446 2465 psit,
474 2386 601 2441 tantum
630 2375 811 2462 pollicitum
839 2373 912 2439 e‘sse
933 2374 1144 2438 vehementer
1165 2373 1383 2437 animadverti
1405 2395 1510 2460 neque

365 2480 507 2544 rationes
524 2500 640 2542 ¹earum
664 2500 737 2542 eum
760 2476 989 2565 explicavisse.

452 2580 546 2661 Quae
580 2591 655 2645 sunt
682 2578 724 2643 ab
753 2578 862 2643 Diade
890 2579 932 2642 de
959 2577 1118 2642 machinis
1148 2578 1271 2663 scripta
1298 2574 1416 2663 quibus
1445 2578 1510 2640 sint

367 2682 663 2769 comparationibus
687 2682 836 2768 exposui.
863 2702 950 2745 nuno
973 2679 1244 2766 quemadmodum
1259 2701 1279 2742 a
1293 2675 1510 2765 praeceptori·

366 2786 427 2850 hus
449 2785 562 2871 accepi
585 2793 616 2848 et
638 2782 732 2848 utilia
753 2782 834 2847 mihi
857 2782 1013 2846 videntur
1036 2803 1208 2869 exponam.
1528 2805 1562 2854 20

297 2904 351 2969 LIV)
454 2886 611 2969 Testudo,
635 2908 718 2973 quae
739 2886 782 2949 ad
804 2885 1047 2970 congestionem
1069 2883 1229 2947 fossarum
1249 2893 1391 2970 paratur,
1415 2904 1513 2968 equa
1529 2905 1580 2954 xx
1602 2959 1605 2965 Ι

369 2991 466 3054 etiam
493 3010 643 3053 accessus
671 2987 714 3051 ad
742 3009 869 3050 murum
896 2994 1004 3072 potest
1032 2984 1164 3067 haberi,
1195 2985 1243 3047 sic
1265 2986 1328 3048 erit
1349 2983 1510 3048 facienda.

367 3091 456 3155 basis
491 3091 736 3177 compingatur,
769 3111 852 3175 quae
880 3108 997 3172 graece
1025 3102 1150 3170 εσχαρα
1182 3085 1320 3169 dicitur,
1353 3085 1512 3172 quadrata

367 3192 491 3258 habens
521 3214 647 3280 quoque
676 3213 791 3256 versus
818 3189 921 3254 latera
949 3187 1078 3273 singula
1104 3187 1224 3275 pedum
1246 3205 1319 3250 xxv
1347 3195 1379 3250 et
1406 3196 1511 3250 traus-

368 3296 513 3358 versaria
535 3313 600 3359 1111.
650 3295 731 3357 haee
761 3302 870 3357 autem
908 3292 1135 3355 contineantur
1166 3287 1208 3352 ab
1240 3287 1351 3351 alteris
1384 3286 1510 3351 duobus
1529 3313 1563 3362 25

369 3502 596 3509 ..--.-.

439 3634 452 3680 1
473 3616 523 3681 aut
538 3634 575 3684 is:
596 3636 658 3684 aute
677 3634 743 3684 ernis
762 3641 821 3684 ante
839 3651 907 3686 corr.
929 3636 958 3684 Ε.
981 3631 993 3701 ΙΙ
1016 3639 1032 3686 3
1050 3634 1176 3686 faciebat
1192 3634 1299 3684 inseruit
1316 3632 1372 3686 Joc,
1390 3639 1449 3697 post
1468 3647 1511 3683 ca·

371 3716 471 3767 nalem.
493 3711 504 3781 ΙΙ
524 3716 540 3764 4
557 3714 628 3766 fieri:
653 3717 706 3766 feri
725 3717 754 3770 Ε.
779 3713 791 3783 ΙΙ
814 3718 1000 3768 hcobitorum
1023 3727 1082 3768 ante
1105 3735 1173 3769 corr.
1199 3719 1228 3768 Ε.
1249 3713 1262 3781 (l
1289 3715 1436 3766 altitudine
1452 3723 1513 3766 uate

370 3818 416 3852 rus
435 3801 465 3850 G.
487 3795 498 3866 (l
521 3800 652 3864 6troclie
673 3801 726 3850 GH
741 3801 789 3863 (L,
813 3803 907 3867 -clee
924 3803 968 3866 le).
990 3799 1002 3868 11
1026 3803 1160 3852 8inclusi
1183 3801 1244 3850 tubi
1262 3815 1308 3863 ego
1332 3799 1397 3862 (tori
1419 3800 1511 3861 Luet):

371 3885 486 3934 inclusit
503 3885 545 3933 uti
564 3885 615 3934 GH
633 3883 676 3947 (L,
694 3885 849 3936 inclusituti
866 3890 884 3949 l,
903 3888 1003 3937 inclusi
1021 3887 1073 3936 tuti
1091 3885 1142 3949 elz).
1166 3882 1179 3949 ΙΙ
1201 3887 1217 3934 9
1236 3883 1326 3932 crebri
1343 3881 1432 3936 Sella:
1457 3898 1513 3932 cre·

371 3987 459 4038 briter
478 3976 537 4050 (-t
552 3985 593 4049 H)
612 3986 670 4036 ΕΗ.
695 3983 707 4052 Η
731 3988 763 4037 10
780 3987 808 4037 id
825 3989 895 4040 Joe.:
916 3989 951 4037 ad
971 3988 1028 4037 GH.
1051 3983 1063 4052 (l
1088 3985 1267 4051 erigebantur
1283 3998 1329 4046 ego
1348 3982 1515 4046 (agebantur

371 4071 453 4135 Joc.):
474 4072 639 4135 tegebantur
658 4071 717 4120 ΕΗ.
740 4066 753 4136 Ι]
777 4072 807 4120 11
828 4085 879 4134 quo
900 4071 946 4121 60:
967 4070 1038 4135 quod
1056 4071 1085 4117 H
1102 4067 1171 4130 (Llc)
1190 4074 1216 4116 et
1233 4073 1292 4116 unte
1310 4081 1379 4117 corr.
1399 4066 1428 4114 G.
1448 4061 1461 4131 ΙΙ
1481 4067 1514 4114 14

371 4170 486 4206 accessu
506 4155 556 4204 ΕΗ
562 4171 567 4202 :
588 4169 705 4206 ascensu
723 4155 799 4210 Perr.
818 4154 883 4219 (cum
902 4156 1024 4205 Ciseruno
1041 4154 1076 4216 cs.
1093 4170 1119 4218 p.
1132 4150 1269 4214 273,·21).
1286 4146 1298 4216 (l
1321 4149 1466 4214 epibathra
1484 4149 1514 4198 H

372 4239 456 4305 (Ltc):
476 4239 586 4304 epithra
606 4235 662 4306 ΕΗ
685 4254 789 4304 greeae
808 4237 866 4304 (sic)
884 4239 921 4288 H.
937 4235 950 4304 ΙΙ
967 4239 999 4287 15
1018 4253 1089 4302 quae
1108 4234 1183 4302 (que)
1201 4251 1219 4300 p
1236 4236 1321 4284 navru
1342 4233 1392 4283 ΕΗ
1410 4229 1514 4298 (navim

370 4323 448 4389 doc).
465 4322 477 4389 ΙΙ
493 4324 591 4375 haberi
609 4339 669 4388 epo:
687 4323 790 4375 hahere
810 4324 869 4374 ΕΗ.
888 4320 901 4389 ΙΙ
924 4336 1005 4388 posse
1025 4322 1059 4373 G:
1077 4318 1166 4387 poss&
1183 4321 1214 4368 H
1229 4316 1272 4383 (lc,
1291 4320 1386 4382 posset
1405 4314 1484 4378 och).
1498 4312 1512 4382 ΙΙ

372 4411 404 4459 16
417 4409 605 4459 animadverte
621 4406 625 4473 (
641 4405 690 4472 (sic
707 4409 866 4458 imatuto‘in
884 4406 910 4471 e)
930 4408 973 4460 Εὐ.
997 4403 1009 4472 ΙΙ
1036 4408 1064 4456 tr
1083 4421 1177 4457 earum
1194 4405 1265 4454 doe:
1285 4403 1351 4452 eoru
1365 4401 1424 4454 GH.
1440 4396 1452 4466 ΙΙ
1469 4416 1514 4450 ex·

371 4493 533 4558 plicavisse:
552 4495 589 4544 sic
609 4493 666 4547 ΕΗ.
681 4489 694 4559 l(
715 4494 746 4543 18
766 4491 900 4543 ademade
914 4491 966 4541 ΕΗ
978 4490 1058 4553 (corr.
1070 4488 1151 4554 dou).
1167 4483 1184 4554 l(
1195 4489 1229 4537 20
1248 4485 1345 4550 accepi
1358 4488 1387 4535 et
1400 4484 1512 4535 G⁶L1h02
1591 4498 1593 4502 ·

372 4577 486 4643 accipi&
508 4579 539 4627 H
556 4577 608 4642 (ch)
628 4585 653 4628 et
671 4577 813 4642 (accipiet)
832 4582 892 4626 unte
910 4592 979 4628 corr.
1000 4575 1030 4625 Ε.
1053 4570 1066 4640 ΙΙ
1086 4575 1117 4624 21
1137 4588 1152 4622 e
1171 4586 1227 4636 qua
1249 4585 1309 4635 epo:
1337 4581 1399 4634 eaq3
1419 4569 1478 4619 ΕΗ.
1498 4565 1511 4635 Η

371 4664 404 4712 22
426 4661 524 4712 haberi
546 4678 605 4727 epo:
632 4677 697 4712 —re
721 4661 779 4712 ΕΗ.
802 4656 870 4726 1123
888 4650 997 4726 ἐσχάρα
1018 4659 1088 4710 doe:
1108 4659 1187 4708 thera
1201 4655 1260 4708 ΕΗ.
1275 4651 1287 4721 ΙΙ
1304 4655 1338 4706 24
1350 4667 1433 4718 quoq3
1453 4668 1514 4706 ver·

372 4762 431 4798 sus:
450 4749 488 4797 sio
501 4747 559 4797 ΕΗ.
577 4743 588 4813 ΙΙ
604 4749 637 4797 25
650 4747 843 4796 contineantur
861 4746 931 4795 Joc:
951 4748 1048 4794 -atur
1062 4742 1122 4793 ΕΗ.

1247 4821 1311 4885 18*
