3784 5625
693 676 741 722 ua
763 675 1030 723 ancurmcruna
1054 676 1124 721 nra.
1147 677 1179 721 v.
1443 660 1503 723 123
1604 689 1613 704 ·

363 829 503 893 latitudo
516 828 720 892 modulorum
732 828 870 893 duonuu
877 838 909 891 et
918 826 1043 892 moduli
1056 838 1168 891 sextae
1180 829 1294 914 partis.
1316 830 1417 892 ceteri
1428 850 1503 915 ope

362 932 409 995 ris
431 929 668 995 modulationes
689 931 739 993 uti
760 931 795 992 in
817 930 954 994 aedibus
976 931 1077 993 sacris
1104 932 1140 994 in
1165 930 1250 993 libro
1270 948 1325 993 1111
1346 932 1504 1017 scriptum

327 1045 344 1095 4
363 1043 414 1097 est
427 1035 475 1097 ita
489 1032 709 1119 perficiantur.
746 1033 798 1094 sin
812 1041 921 1095 autem
942 1032 1067 1096 ionicae
1081 1031 1250 1095 columnae
1269 1031 1365 1113 fient,
1387 1054 1505 1117 scapus

361 1144 492 1223 praeter
512 1134 635 1220 spiram
656 1142 690 1196 et
710 1132 889 1219 capitulum
910 1134 945 1194 in
967 1142 1040 1197 octo
1062 1142 1094 1197 et
1115 1134 1287 1198 dimidiam
1308 1143 1434 1220 partem
1455 1132 1504 1197 di·

362 1236 497 1300 vidatur
518 1244 551 1299 et
572 1256 615 1298 ex
635 1234 688 1298 his
709 1256 776 1297 una
789 1234 1001 1298 crassitudini
1015 1234 1184 1301 columnae
1197 1234 1304 1315 detur,
1327 1234 1506 1321 spiraeum
1522 1253 1539 1301 5

363 1338 490 1425 plintho
517 1335 657 1401 dimidia
683 1335 902 1400 crassitudine
927 1337 1163 1417 constituatur,
1196 1334 1332 1423 capituli
1352 1336 1437 1399 ratio
1458 1337 1506 1399 ita

363 1440 421 1505 fiat
440 1440 490 1503 uti
511 1439 547 1502 in
567 1436 653 1502 libro
674 1438 772 1501 tertio
798 1446 849 1538 est
875 1438 1144 1502 demonstratum.
1187 1440 1217 1501 si
1244 1436 1406 1501 corinthia
1432 1439 1505 1519 erit,

363 1563 481 1627 scapus
503 1549 537 1604 et
555 1540 645 1625 spira
658 1540 708 1602 uti
721 1540 757 1603 in
776 1540 894 1621 ionica,
916 1538 1095 1625 capitulum
1109 1549 1218 1603 antem
1233 1538 1506 1625 quemadmodum

363 1644 398 1706 in
420 1650 536 1729 quarto
563 1639 648 1705 libro
674 1650 725 1704 est
751 1643 925 1727 scriptum,
953 1642 1001 1705 ita
1021 1641 1164 1705 habeant
1190 1642 1361 1705 rationem.
1404 1639 1505 1726 stylo

363 1744 517 1829 batisque
547 1742 690 1807 adiectio
722 1764 807 1827 quae
837 1741 875 1805 fit
904 1764 964 1828 per
996 1742 1159 1807 scamillos
1191 1744 1337 1829 inpares,
1374 1763 1417 1805 ex
1449 1742 1505 1803 de·
1525 1758 1557 1806 to

362 1846 541 1931 scriptione
573 1866 657 1929 quae
689 1866 788 1930 supra
819 1846 944 1930 scripta
974 1846 1084 1908 estin
1111 1843 1195 1908 libro
1222 1845 1320 1908 tertio
1346 1851 1504 1907 sumatur.

363 1946 519 2033 epistylia
540 1964 676 2009 coronae
707 1954 880 2031 ceteraque
907 1947 1016 2009 onmia
1036 1945 1080 2008 ad
1101 1945 1324 2009 columnarum
1345 1946 1505 2010 rationem

362 2048 559 2134 exscriptis
581 2046 783 2111 voluminum
804 2050 1008 2133 superiorum
1030 2046 1246 2133 explicentur.

330 2162 346 2209 5
447 2148 562 2213 Media
588 2170 667 2213 vero
693 2150 801 2234 spatia
829 2170 912 2234 quae
939 2160 1035 2214 erunt
1063 2150 1126 2213 sub
1153 2150 1211 2212 din
1237 2150 1323 2211 inter
1350 2149 1505 2236 porticus,

362 2249 552 2314 adornanda
570 2250 733 2315 viridibus
748 2250 913 2332 videntur,
936 2251 1025 2336 quod
1046 2251 1247 2337 hypaethroe
1268 2249 1506 2314 ambulationes
1525 2270 1557 2318 15

362 2351 485 2415 habent
506 2374 657 2437 magnam
678 2351 921 2432 salubritatem,
952 2362 985 2415 et
1006 2353 1146 2437 primum
1167 2351 1333 2416 oculorum
1354 2350 1442 2436 quod
1464 2373 1507 2413 ex

337 2519 340 2524 ,
363 2453 527 2544 viridibus
555 2452 686 2517 subtilis
712 2463 745 2517 et
773 2463 969 2517 extenuatus
996 2463 1209 2540 aerpropter
1235 2454 1411 2516 motionem
1438 2473 1506 2516 cor-

362 2555 451 2640 poris
483 2554 623 2619 influens
658 2554 809 2641 perlimat
842 2556 984 2641 speciem
1018 2565 1051 2619 et
1077 2556 1124 2618 ita
1150 2554 1301 2618 auferens
1334 2575 1377 2618 ex
1404 2551 1506 2617 oeulis

362 2677 509 2719 umorem
530 2678 685 2739 crassum,
708 2658 811 2720 aciem
832 2666 965 2720 tenuem
987 2667 1020 2721 et
1033 2666 1169 2721 'acutam
1184 2657 1326 2742 speciem
1339 2653 1506 2741 relinquit.

362 2766 533 2845 praeterea
564 2780 638 2822 cum
671 2781 787 2846 corpus
820 2759 1019 2824 motionibus
1046 2761 1081 2822 in
1107 2757 1327 2824 ambulatione
1354 2755 1505 2838 calescat,
1523 2784 1557 2833 20

362 2881 491 2925 umores
519 2882 562 2924 ex
587 2861 741 2924 membris
770 2883 826 2924 aer
853 2861 1043 2947 exsugendo
1070 2862 1225 2926 inminuit
1251 2859 1426 2946 plenitates
1449 2881 1505 2921 ex-

363 2970 541 3048 tenuatque
569 2962 762 3048 dissipando
790 2962 877 3048 quod
904 2962 977 3050 plus
1006 2964 1093 3028 inest
1125 2985 1222 3050 quam
1254 2984 1370 3048 corpus
1398 2970 1506 3047 potest

330 3064 534 3128 ssustinere.
583 3063 644 3128 hoc
671 3070 780 3127 autem
807 3066 854 3128 ita
881 3086 953 3129 esse
986 3087 1028 3128 ex
1055 3087 1093 3130 eo
1124 3065 1201 3130 licet
1233 3064 1505 3144 animadvertere,

363 3165 451 3250 quod
472 3164 534 3229 sub
555 3165 651 3228 tectis
674 3187 748 3228 cum
769 3168 835 3230 sint
856 3189 1014 3252 aquarum
1035 3166 1142 3232 fontes
1157 3176 1214 3230 aut
1229 3168 1327 3230 etiam
1342 3165 1506 3229 subterra

363 3265 518 3351 palustris
545 3265 761 3348 abundantia,
792 3289 835 3329 ex
856 3267 906 3331 his
928 3267 1037 3332 nullus
1065 3269 1172 3352 surgit
1198 3291 1291 3332 umor
1317 3265 1504 3347 nebulosus,
1522 3289 1556 3337 25

363 3367 421 3430 sed
448 3369 485 3430 in
510 3369 633 3454 apertis
664 3368 920 3455 hypaethrisque
952 3368 1033 3434 locis
1066 3391 1140 3433 eum
1168 3369 1216 3434 sol
1248 3370 1355 3434 oriens
1383 3389 1505 3454 vapore

363 3478 477 3555 tangat
498 3471 672 3552 mundum,
701 3491 743 3533 ex
764 3470 885 3534 umidis
908 3480 940 3534 et
961 3471 1204 3537 abundantibus
1232 3472 1356 3535 excitat
1376 3492 1504 3535 umores

364 3579 396 3633 et
417 3592 473 3634 eos
496 3570 707 3659 conglobatos
730 3574 764 3635 in
786 3571 995 3636 altitudinem
1017 3572 1112 3637 tollit.
1157 3596 1233 3658 ergo
1255 3575 1283 3638 si
1306 3575 1352 3638 ita
1374 3571 1505 3636 videtur

362 3672 411 3736 uti
431 3672 468 3735 in
488 3671 679 3758 hypaethris
707 3673 787 3737 loeis
816 3673 858 3738 ab
885 3696 960 3737 aere
981 3676 1109 3738 umores
1132 3698 1174 3739 ex
1196 3676 1385 3763 corporibus
1408 3697 1503 3738 exsu-

363 3782 483 3857 gantur
504 3773 721 3857 molestiores,
750 3776 1023 3862 quemadmodum
1045 3799 1087 3840 ex
1108 3789 1196 3840 terra
1217 3800 1275 3864 per
1296 3776 1431 3842 nebulas
1454 3777 1502 3839 vi·
1521 3796 1555 3845 30

429 4013 533 4063 21111:
550 4016 588 4064 sic
607 4014 665 4065 GH.
689 4011 702 4079 ΙΙ
729 4017 914 4081 4capitulum
934 4015 957 4066 ds
974 4017 1001 4066 in
1023 4023 1082 4066 ante
1105 4032 1173 4066 corr.
1193 4013 1239 4087 (ip)
1258 4018 1293 4068 H.
1316 4012 1329 4080 ΙΙ
1356 4016 1373 4064 5
1393 4029 1449 4063 una
1468 4014 1502 4064 0:

363 4111 408 4146 om.
427 4097 458 4146 H
475 4093 555 4161 (hic).
578 4094 591 4163 ΙΙ
613 4099 690 4162 spira
713 4101 773 4150 add.
796 4101 853 4151 Joc,
877 4099 970 4163 (detur
987 4116 1049 4150 cum
1068 4099 1138 4163 GH).
1163 4097 1175 4165 ΙΙ
1201 4101 1218 4149 6
1240 4099 1424 4151 constituatur
1446 4100 1501 4148 ed:

362 4183 510 4230 -tuantur
521 4182 579 4232 GH.
596 4178 608 4248 ΙΙ
624 4183 772 4233 9habeant
783 4184 833 4234 GH
843 4183 884 4246 (le,
894 4185 998 4235 habeat
1010 4184 1055 4246 L).
1070 4179 1082 4247 ΙΙ
1099 4186 1131 4234 10
1140 4183 1280 4249 scamillos
1290 4183 1327 4246 (ut
1336 4200 1362 4247 p.
1374 4187 1412 4240 77,
1423 4185 1447 4232 2.
1459 4181 1502 4244 3):

362 4264 496 4315 scabillos
515 4263 568 4317 GH
584 4265 626 4330 (L,
645 4267 784 4317 scabellos
801 4269 845 4333 le).
868 4264 881 4333 ΙΙ
908 4269 1019 4332 inpares
1037 4269 1108 4318 Joc:
1135 4269 1260 4332 inpartes
1283 4268 1343 4318 GH.
1366 4263 1379 4332 ΙΙ
1402 4269 1434 4316 14
1451 4267 1501 4318 sub

361 4347 407 4398 diu
421 4348 472 4398 GH
483 4347 528 4413 (L,
538 4350 589 4400 sub
602 4351 666 4402 divo
679 4350 722 4416 lc).
738 4347 750 4416 ΙΙ
768 4352 799 4401 15
816 4351 940 4402 uridibus
952 4353 982 4401 H
993 4351 1030 4414 (et
1041 4359 1100 4401 ante
1113 4368 1181 4402 corr.
1195 4351 1228 4414 c).
1244 4348 1256 4417 ΙΙ
1272 4352 1442 4418 hypaethroe
1455 4368 1501 4417 epo

362 4430 400 4494 (at
406 4449 434 4498 p.
446 4436 506 4493 124,
516 4432 576 4498 210:
589 4434 704 4502 hypetrq
717 4437 745 4495 θ,
755 4433 865 4500 hyphra
876 4436 918 4486 H.
935 4433 948 4502 ΙΙ
965 4438 996 4486 16
1006 4435 1090 4485 hbent
1100 4435 1157 4499 (sic)
1167 4437 1198 4484 H
1205 4434 1305 4500 (solus).
1318 4432 1330 4503 ΙΙ
1344 4437 1374 4488 17
1384 4436 1502 4488 subtiles

361 4550 391 4599 Η
407 4549 470 4616 (cl).
493 4548 506 4616 ΙΙ
530 4554 562 4602 le
579 4551 713 4617 relinquit
731 4554 764 4603 G:
787 4552 906 4616 reliquid
927 4555 957 4602 H
975 4551 1011 4616 (c,
1035 4524 1148 4623 reliiqurt
1164 4555 1212 4618 hc).
1232 4552 1244 4620 ΙΙ
1266 4557 1298 4604 21
1316 4558 1499 4621 extenuatque

363 4635 396 4684 G:
420 4635 620 4700 extenuatiquc
643 4637 673 4685 H
695 4636 773 4699 (Llc).
794 4633 806 4701 {l
827 4638 860 4686 27
882 4637 1086 4689 abundantibus
1103 4639 1139 4687 L:
1163 4639 1348 4691 abundantius
1367 4642 1417 4691 GH
1440 4639 1499 4704 (ha-

362 4717 530 4769 bundantius
547 4717 590 4783 lc).
610 4715 623 4788 ΙΙ
643 4721 676 4774 28
694 4735 741 4775 eos
758 4719 938 4793 conglobatos
950 4721 1035 4779 Mea:
1054 4722 1269 4795 cxconglobatos
1290 4724 1348 4777 GH.
