3784 5625
701 671 749 725 on
771 668 1039 727 aucuiracrum
1061 673 1130 727 nra.
1152 672 1186 727 v.
1447 659 1509 730 115

367 850 611 916 synemmenon,
635 831 750 916 quinta
764 830 966 897 diatessaron
981 831 1024 894 ad
1046 853 1168 913 mesen,
1191 841 1285 896 sexta
1307 831 1509 898 diatessaron

366 930 409 993 ad
435 932 582 1017 hypaten
607 953 736 1012 meson,
764 933 799 994 in
824 931 933 997 medio
954 954 1055 995 unum
1077 934 1279 998 diatessaron
1300 933 1343 996 ad
1365 933 1510 1020 hypaten

334 1030 524 1118 shypaton.
569 1032 615 1095 ita
637 1031 697 1095 hac
718 1034 967 1097 ratiocinatione
989 1048 1057 1097 vox
1082 1056 1102 1097 a
1124 1056 1241 1098 scaena
1262 1037 1312 1099 uti
1334 1034 1376 1098 ab
1398 1044 1509 1099 centro

366 1132 501 1218 profusa
516 1154 551 1196 se
567 1134 790 1217 circumagens
813 1141 967 1220 tactuque
988 1133 1110 1199 feriens
1133 1135 1335 1219 singulorum
1355 1157 1509 1199 vasorum

367 1255 448 1296 cava
463 1235 657 1297 excitaverit
671 1243 801 1297 auctam
823 1234 1004 1299 claritatem
1027 1245 1059 1299 et
1082 1246 1241 1310 concentu
1262 1235 1507 1302 convenientem
1526 1252 1543 1299 s

316 1412 319 1418 .
367 1334 432 1398 sibi
446 1336 702 1399 consonantiam.
733 1336 905 1401 sinautem
921 1334 1060 1421 amplior
1082 1338 1143 1399 erit
1164 1337 1355 1422 magnitudo
1377 1337 1508 1419 theatri,

365 1445 444 1499 tunc
470 1434 611 1502 altitudo
645 1434 815 1499 dividatur
846 1438 881 1500 in
913 1447 1023 1524 partes
1051 1456 1121 1518 1111,
1149 1439 1198 1502 uti
1225 1447 1291 1502 tres
1325 1437 1510 1503 efficiantur

289 1611 292 1617 Ι
364 1538 514 1620 regiones
537 1536 692 1600 cellarum
713 1545 900 1602 transverse
923 1538 1130 1623 designatae,
1153 1538 1437 1621 unaharmoniae,
1460 1539 1505 1602 al-

364 1646 435 1700 tera
462 1638 662 1719 chromatos,
690 1640 788 1702 tertia
816 1639 953 1704 diatoni.
997 1649 1030 1704 et
1050 1640 1092 1704 ab
1114 1640 1180 1704 imo
1203 1661 1286 1725 quae
1309 1640 1370 1703 erit
1391 1641 1507 1726 prima,

365 1761 403 1803 ca
431 1760 474 1802 ex
501 1739 670 1803 harmonia
698 1738 885 1804 conlocetur
910 1732 966 1804 ita
986 1742 1036 1805 uti
1057 1742 1093 1805 in
1114 1741 1239 1803 minore
1260 1742 1386 1805 theatro
1410 1756 1559 1828 supra10

330 1855 347 1901 4
364 1840 595 1925 scriptumest.
639 1842 674 1904 in
688 1841 840 1904 mediana
861 1850 971 1905 autem
992 1843 1098 1928 prima
1119 1842 1154 1904 in
1176 1842 1331 1906 extremis
1354 1842 1507 1906 cornibus

322 1935 328 1940 ’
363 1941 406 2005 ad
428 1941 645 2007 chromaticen
668 1941 911 2028 hyperbolaeon
931 1943 1088 2007 habentia
1109 1943 1252 2007 sonitum
1273 1953 1450 2028 ponantur,
1473 1945 1508 2006 in

364 2043 516 2107 secundis
530 2043 572 2107 ab
588 2043 640 2107 his
656 2043 860 2109 diatessaron
874 2045 917 2108 ad
940 2045 1159 2109 chromaticen
1181 2043 1449 2129 diezeugmenon,
1472 2047 1508 2109 in
1527 2041 1530 2046 ⁴

362 2145 468 2208 tertiis
496 2146 539 2207 ad
567 2144 786 2210 chromaticen
815 2168 1063 2234 synemmenon,
1092 2145 1216 2231 quartis
1239 2144 1442 2209 diatessaron
1463 2145 1507 2209 ad

363 2244 584 2310 chromaticen
597 2268 725 2329 meson,
749 2249 872 2334 quintis
889 2249 1093 2312 diatessaron
1107 2245 1150 2308 ad
1172 2245 1389 2309 chromaticen
1404 2245 1506 2332 hypa-
1525 2259 1558 2308 15

362 2355 434 2429 ton,
458 2346 562 2411 sextis
577 2347 621 2410 ad
642 2370 851 2434 paramesen,
875 2347 962 2433 quod
985 2345 1082 2411 etad
1104 2346 1323 2409 chromaticen
1344 2344 1506 2432 hyperbo-

363 2447 457 2513 laeon
484 2448 637 2533 diapente
666 2459 699 2513 et
725 2448 768 2513 ad
785 2448 1018 2513 'chromaticen
1045 2468 1156 2511 meson
1185 2445 1387 2510 diatessaron
1408 2446 1507 2510 habet
1613 2514 1618 2528 Ι

330 2552 594 2613 oconsonantiae
628 2553 903 2615 communitatem.
951 2551 986 2613 in
1012 2548 1121 2611 medio
1148 2546 1231 2610 nihil
1259 2555 1309 2611 est
1337 2546 1505 2611 conlocan-

364 2649 457 2731 dum,
486 2650 560 2716 ideo
588 2652 676 2737 quod
705 2653 869 2718 sonituum
891 2650 982 2715 nulla
1002 2648 1068 2713 alia
1090 2647 1229 2735 qualitas
1252 2648 1287 2710 iu
1310 2647 1506 2712 chromatico

363 2772 482 2836 genere
508 2752 723 2839 symphoniae
751 2753 996 2820 consonantiam
1018 2759 1128 2839 potest
1149 2749 1280 2815 habere.
1323 2750 1358 2812 in
1380 2771 1506 2816 summa
1523 2765 1557 2815 ao

363 2874 442 2918 vero
475 2854 637 2918 divisione
669 2865 701 2920 ct
737 2857 870 2940 regione
898 2854 1053 2918 cellarum
1080 2854 1116 2917 in
1143 2852 1295 2917 cornibus
1323 2853 1437 2939 primis
1463 2851 1506 2915 ad

363 2954 519 3021 diatonon
550 2955 792 3042 hyperbolaeon
824 2955 984 3020 fabricata
1018 2976 1099 3019 vasa
1125 2955 1234 3019 sonitu
1261 2963 1438 3040 ponantur,
1471 2954 1507 3016 in
1566 3036 1571 3045 Ι

364 3057 515 3120 secundis
542 3055 747 3122 diatessaron
774 3058 817 3121 ad
844 3058 1001 3121 diatonon
1029 3046 1300 3141 diezeugmenon,
1328 3055 1436 3119 tertiis
1463 3054 1506 3117 ad

364 3157 520 3223 diatonon
548 3181 796 3244 synemmenon,
826 3146 951 3245 quartis
975 3158 1177 3222 diatessaron
1197 3156 1241 3219 ad
1264 3156 1417 3220 diatonon
1439 3177 1505 3217 me·

364 3281 434 3340 son,
458 3261 581 3345 quintis
605 3259 807 3325 diatessaron
829 3260 871 3323 ad
895 3257 1233 3345 diatononhypaton,
1257 3258 1361 3320 sextis
1384 3256 1504 3319 diates·
1522 3270 1556 3320 25

363 3382 460 3424 saron
487 3360 531 3424 ad
558 3359 921 3448 proslambanomenon,
950 3362 985 3424 iu
1012 3358 1121 3423 medio
1143 3359 1187 3422 ad
1208 3379 1335 3439 mesen,
1359 3357 1445 3443 quod
1468 3378 1506 3420 ea

364 3469 396 3525 et
423 3460 466 3524 ad
493 3462 840 3546 proslambanomenon
868 3462 1028 3548 diapason
1056 3469 1088 3525 et
1117 3460 1159 3523 ad
1183 3461 1340 3525 diatonon
1360 3459 1506 3547 hypaton

330 3561 517 3648 odiapente
550 3564 648 3629 habet
682 3564 950 3651 symphoniarum
982 3563 1241 3627 communitates.
1288 3561 1370 3625 haec
1396 3569 1506 3625 autem

364 3767 509 3819 hemmenu
526 3767 561 3835 c).
583 3765 595 3835 ΙΙ
618 3771 703 3820 3hoc
721 3777 779 3820 ante
797 3785 866 3823 corr.
888 3770 909 3820 θ
940 3766 1004 3833 (hac
1022 3767 1130 3818 ratione
1152 3765 1201 3831 cl).
1225 3764 1237 3833 ΙΙ
1265 3768 1409 3816 bauctam
1433 3765 1506 3829 (—tr's

366 3851 398 3915 6)
418 3851 575 3904 claritatem
596 3852 667 3917 ΗΕ
687 3852 718 3920 θ)
739 3856 797 3906 GH'.
820 3851 832 3920 ll
856 3858 884 3903 et
903 3857 1041 3904 concentu
1057 3854 1128 3904 Jom:
1147 3868 1181 3903 ex
1200 3855 1337 3907 concentu
1356 3851 1415 3900 GH.
1437 3847 1450 3917 ll
1473 3852 1505 3901 13

365 3935 536 3987 dismssemn
559 3937 581 3988 G
607 3937 676 4000 (item
697 3941 723 3988 in
745 3955 816 4005 seqq.
840 3955 896 3988 exc.
919 3956 941 3988 a.
967 3938 1019 4001 17).
1049 3934 1062 4003 ΙΙ
1088 3936 1286 4000 diezeugmenn
1309 3934 1361 3984 GH
1383 3932 1462 3998 (Llc).
1489 3930 1504 3998 ΙΙ

367 4019 489 4071 intertiis
506 4020 679 4073 diatessaron
697 4023 733 4073 ad
752 4023 940 4074 chromaticen
959 4017 1079 4087 synlsin-
1093 4019 1270 4083 G)hemmenn
1289 4018 1342 4068 GH
1359 4016 1437 4080 (Llc).
1463 4016 1508 4066 ubi

365 4137 388 4171 a.
407 4120 579 4174 diatessaron
592 4126 666 4174 eiecit
677 4125 739 4177 ιον.
760 4123 799 4186 (ut
810 4125 881 4186 infru
894 4127 938 4173 23.
949 4124 983 4186 cs.
993 4139 1022 4186 p.
1036 4123 1094 4181 m,
1107 4118 1162 4183 24).
1179 4115 1192 4185 ΙΙ
1208 4120 1240 4168 16
1252 4104 1417 4182 ραταωοεᾷιι
1436 4117 1478 4170 Gr.
1490 4114 1503 4182 ll

365 4205 440 4270 quod
458 4205 680 4259 etadMeibom:
700 4209 772 4273 qnod
791 4208 865 4258 etin
885 4208 942 4257 GH.
967 4203 979 4270 ΙΙ
1002 4207 1033 4254 17
1051 4203 1137 4254 habet
1153 4202 1237 4251 Man:
1268 4200 1392 4251 habeant
1411 4201 1470 4254 GH.
1490 4196 1503 4265 ΙΙ

365 4292 398 4340 19
417 4290 553 4340 sonituum
570 4292 627 4345 loc.
647 4290 710 4358 (hdr
729 4292 848 4343 sonitum
868 4291 919 4340 GH
937 4288 1019 4353 (Llc).
1040 4285 1052 4353 ΙΙ
1074 4290 1107 4337 22
1120 4287 1263 4336 diatonon:
1282 4299 1379 4333 —nnm
1400 4285 1451 4335 GH
1468 4284 1505 4347 (et

364 4375 403 4424 ita
424 4374 451 4423 in
473 4389 544 4440 seqq.
562 4391 620 4429 eac.
643 4393 666 4427 υ.
685 4375 740 4441 24).
763 4371 776 4440 ΙΙ
798 4377 831 4424 23
854 4372 888 4422 ad
911 4373 1052 4422 diatonum
1074 4371 1167 4419 tertiis
1189 4369 1363 4419 diatessaron
1387 4367 1422 4418 ad
1446 4369 1503 4429 611,

363 4458 407 4508 abl
434 4457 647 4524 diezeugmenon
673 4462 734 4510 add.
763 4461 803 4512 cd.
831 4459 909 4519 Vera,
939 4456 1113 4505 diatessaron
1142 4451 1180 4515 (ut
1206 4470 1229 4504 υ.
1257 4455 1302 4516 14)
1330 4468 1377 4503 om.
1406 4455 1470 4504 Lor.
1489 4454 1502 4519 ΙΙ

364 4546 399 4594 24
416 4543 585 4609 addigtouon
611 4543 843 4611 synhemenon·H
862 4540 924 4604 (Le,
948 4553 1080 4589 —monon
1097 4537 1131 4603 l),
1155 4536 1268 4588 addicto
1289 4536 1506 4607 isinhelmenon

362 4635 426 4679 nale
454 4620 523 4681 corr.
552 4629 582 4680 θ.
610 4625 622 4694 ΙΙ
649 4631 683 4679 26
710 4627 829 4678 inmedio
919 4623 1213 4691 proslambanomenon
1241 4623 1295 4672 GH
1319 4620 1378 4687 (le
1411 4639 1459 4674 om.
1483 4625 1507 4672 lc

365 4690 471 4777 (1ι[[])’.
494 4709 508 4779 [Ι
528 4715 560 4763 27
577 4712 710 4778 diapason
730 4715 751 4764 G
770 4708 850 4776 (ceth
870 4711 988 4776 diapson
1006 4710 1034 4757 H
1052 4706 1099 4774 (Ll
1116 4715 1142 4757 el
1159 4713 1218 4757 ante
1236 4722 1305 4756 corr.
1324 4706 1357 4768 cl.

1259 4789 1304 4854 8*
