3784 5625
534 674 581 719 on
604 674 764 723 mvsnsrs
789 675 950 723 rasurum
974 675 1313 723 sncnrrscronrcau.
1435 662 1499 727 293

354 828 426 890 erit.
470 828 669 890 non-minus
699 829 726 890 si
754 826 914 914 perlucidi
942 828 1050 893 fontes
1081 828 1203 892 fuerint
1230 838 1262 892 et
1290 832 1360 893 sine
1388 854 1498 919 musco

352 938 410 992 aut
442 928 637 1013 quibusdam
670 930 940 1015 inquinamentis,
979 931 1100 1014 [ignem
1133 931 1300 1014 monitam]
1336 930 1498 996 salubrem

353 1039 608 1116 perpetuamque
629 1053 745 1117 aquam
768 1031 911 1094 futuram
934 1032 1144 1115 significabit.

350 1131 353 1143 ’
437 1131 564 1194 Ductus
588 1142 696 1196 autem
718 1154 820 1219 aquae
843 1141 996 1218 quattuor
1015 1134 1190 1218 generibus
1206 1133 1299 1215 fiunt,
1321 1144 1378 1198 aut
1393 1135 1498 1199 forma

318 1232 492 1297 ostructili
516 1242 571 1296 aut
594 1232 711 1298 fistulis
733 1233 894 1320 plumbeis
916 1244 973 1298 aut
999 1235 1087 1299 tubis
1110 1235 1163 1298 vel
1187 1236 1363 1301 canalibus·
1377 1236 1495 1322 ligneis

351 1344 408 1397 aut
436 1334 525 1398 tubis
548 1334 714 1399 fictilibus.
760 1338 788 1399 si
810 1358 869 1421 per
892 1335 1030 1400 formam
1051 1360 1136 1423 aqua
1158 1336 1304 1420 ducitur,
1333 1349 1496 1403 structura

353 1436 421 1499 eius
451 1433 625 1519 diligenter
647 1436 782 1500 solidari
804 1437 917 1520 debet,
946 1460 988 1500 ne
1010 1460 1069 1524 per
1090 1439 1187 1502 rimas
1211 1450 1333 1525 pereat.
1378 1440 1497 1506 canali-

352 1537 442 1600 culus
465 1537 587 1601 formae
610 1539 704 1601 iuxta
725 1538 986 1623 magnitudinem
1008 1562 1111 1625 aquae
1127 1540 1299 1625 dirigatur.
1337 1544 1366 1606 si
1381 1542 1497 1629 planus

352 1637 440 1701 locus
470 1637 569 1701 fuerit
575 1688 584 1720 ,
618 1639 705 1702 infra
733 1649 830 1726 eaput
857 1662 961 1727 aquae
990 1651 1152 1705 structura
1180 1642 1365 1707 conlocetur
1392 1654 1439 1726 et,
1470 1646 1499 1708 si

303 1755 335 1803 10
353 1739 479 1823 longior
511 1738 649 1826 planitia
683 1741 798 1825 fuerit,
831 1743 915 1828 pede
934 1744 1047 1806 semis
1079 1744 1164 1806 inter
1193 1755 1346 1810 centenos
1375 1744 1428 1809 vel
1452 1765 1498 1809 nx

351 1841 450 1928 pedes
473 1850 638 1905 structura
661 1844 882 1926 submittatur,
905 1854 941 1908 ut
964 1844 1107 1909 animata
1127 1867 1212 1931 aqua
1234 1870 1299 1911 non
1321 1849 1415 1933 pigro
1436 1849 1496 1910 im-

349 1952 428 2027 petu
450 1942 611 2007 decurrat.
647 1967 724 2007 nam
746 1946 774 2008 si
797 1945 970 2010 intervalla
992 1949 1148 2027 montium
1172 1948 1311 2030 fuerint,
1333 1949 1376 2011 ad
1399 1947 1496 2012 libra-

350 2054 495 2108 mentum
528 2047 645 2131 capitis
678 2037 781 2133 aquae
810 2070 925 2135 specus
954 2048 1015 2112 sub
1043 2058 1130 2112 terra
1158 2050 1220 2112 erit
1247 2060 1412 2114 structura
1440 2061 1497 2114 aut

351 2146 495 2210 roboreis
524 2147 690 2212 canalibus
718 2172 821 2235 aquae
851 2150 968 2213 ductus
992 2159 1214 2234 componatur.
1261 2152 1347 2237 quod
1370 2154 1398 2213 si
1421 2173 1495 2213 con-

301 2263 332 2310 15
351 2269 450 2311 cavae
484 2246 618 2312 vallium
652 2250 864 2314 demissiones
898 2250 1084 2336 inpedient,
1119 2258 1281 2315 structura
1309 2250 1414 2314 solida
1442 2251 1495 2313 vel

350 2349 499 2414 arcuatili
538 2350 580 2413 ad
618 2350 848 2415 libramentum
884 2372 987 2436 aquae
1030 2359 1233 2433 occurratur,
1279 2362 1334 2416 aut
1377 2352 1495 2417 fistulis

1531 1139 1567 1178 Vl.
1581 1139 1610 1199 De

1512 1202 1580 1240 oquae
1594 1204 1625 1231 in-

1515 1242 1621 1285 ductione.

1515 1326 1570 1365 iou.
1584 1329 1603 1374 s,
1618 1330 1629 1367 τ

1511 1376 1571 1427 (rau
1580 1382 1599 1425 o,
1610 1381 1649 1427 ru.

350 2450 510 2538 plumbeis
544 2460 600 2514 aut
628 2450 795 2515 canalibus
829 2451 932 2514 libere
961 2474 1075 2515 cursus
1104 2451 1276 2535 dirigatur.
1322 2475 1437 2516 verum
1466 2456 1494 2518 si
1562 2541 1564 2545 Ι

349 2553 445 2617 altior
466 2552 554 2616 locus
578 2552 676 2616 suerit
697 2554 785 2616 unde
806 2575 891 2638 aqua
914 2554 1055 2634 ducitur,
1078 2551 1245 2638 aliquanto
1268 2556 1405 2618 inferius
1425 2554 1494 2640 pla·

349 2655 431 2717 uitia
460 2654 581 2717 inflexa
608 2653 762 2737 libretur,
791 2664 827 2718 ut
851 2656 985 2717 veniens
1008 2676 1093 2739 aqua
1114 2655 1219 2719 fracto
1242 2656 1366 2741 impetu
1388 2654 1494 2719 lenius

300 2771 332 2819 20
350 2754 511 2820 decurrat.
555 2765 611 2820 aut
640 2757 668 2820 si
690 2756 818 2842 longius
842 2757 882 2820 de
905 2764 1015 2820 monte
1038 2755 1184 2839 ducitur,
1216 2758 1348 2844 saepius
1370 2758 1492 2824 flexuo-

350 2881 402 2921 sas
435 2857 587 2943 planities
616 2858 726 2922 facies.
771 2860 889 2922 minori
918 2860 1016 2921 etiam
1043 2868 1175 2944 sumptu
1203 2869 1235 2923 et
1263 2858 1376 2924 utilius
1404 2861 1493 2924 tubis

348 2959 502 3023 fictilibus
525 2958 703 3023 inducitur.
747 2969 820 3022 cum
842 2982 861 3022 a
882 2960 983 3044 figulo
1007 2981 1085 3044 ergo
1108 2959 1197 3041 fient,
1220 2983 1261 3023 ne
1284 2963 1389 3024 minus
1413 2960 1492 3025 duo-

349 3083 420 3124 rum
443 3061 621 3144 digitorum
644 3060 864 3144 grossitudine
887 3062 1012 3125 corium
1032 3059 1184 3124 habeant.
1229 3061 1287 3124 sed
1309 3063 1373 3147 ipsi
1387 3061 1493 3125 tubuli

351 3184 393 3225 ex
414 3185 479 3224 una
506 3171 597 3247 parte
624 3163 830 3246 angustiores
858 3161 955 3244 fiant,
984 3171 1021 3226 ut
1043 3160 1125 3225 alter
1146 3165 1182 3226 in
1203 3161 1341 3224 alterum
1363 3183 1421 3246 per
1443 3185 1493 3225 or-

298 3277 331 3324 25
349 3262 458 3325 dinem
492 3262 544 3326 vel
576 3262 721 3349 palmum
754 3263 991 3348 ingrediantm·.
1035 3267 1204 3329 iuncturae
1240 3272 1349 3326 autem
1382 3284 1493 3325 eorum

350 3362 437 3425 calce
465 3366 544 3428 viva
571 3364 641 3429 oleo
669 3366 804 3430 subacta
831 3365 1035 3429 inliniantur.
1079 3373 1112 3428 et
1138 3374 1312 3449 antequam
1338 3387 1359 3426 a
1386 3364 1493 3448 capite

349 3484 433 3546 aqua
455 3464 660 3548 demittatur,
689 3467 804 3532 favilla
826 3489 884 3555 per
907 3489 962 3532 eos
985 3489 1059 3531 cum
1081 3489 1182 3552 parvo
1205 3466 1331 3552 liquore
1353 3466 1493 3547 laxetur,

352 3659 579 3667 ..-—--——.

420 3787 432 3832 l
451 3784 587 3847 suplueidi
603 3803 630 3849 p.
654 3782 666 3850 ll
690 3788 705 3835 2
723 3784 842 3850 (signum
859 3789 911 3839 hoe
928 3791 970 3840 ita
988 3792 1057 3848 Pol„
1075 3791 1142 3839 item
1160 3789 1259 3850 Mor.):
1279 3788 1374 3851 Ignem
1392 3789 1494 3837 monita

350 3888 370 3926 u,
384 3870 475 3934 ignem
488 3869 491 3929 Ι
503 3869 632 3919 monitam
647 3887 674 3934 p,
693 3872 865 3935 ignem.uon
882 3874 921 3923 ita
939 3873 997 3934 (sic)
1015 3890 1042 3934 p.
1059 3869 1103 3936 116
1122 3874 1147 3920 si
1159 3888 1220 3935 per:
1239 3885 1321 3932 supv.
1340 3867 1351 3933 ll
1367 3873 1383 3919 9
1401 3871 1493 3926 fuerit,

350 3954 423 4002 infra
441 3953 524 4011 Mem:
544 3955 629 4004 fuerit
646 3954 715 4017 pede
735 3957 818 4005 semis
834 3957 909 4005 intra
926 3971 976 4019 opp
994 3953 1073 4018 (pede
1092 3955 1175 4004 semis
1197 3961 1257 4017 post
1278 3957 1384 4002 alterum
1408 3953 1493 4002 fuerit

349 4056 372 4088 o.
397 4041 429 4086 10
450 4041 535 4102 posuit
558 4039 628 4091 Mar.
651 4040 707 4087 coll.
731 4038 819 4103 Perit).
848 4035 860 4104 ll
889 4041 921 4087 10
943 4039 994 4086 LX
1015 4053 1060 4101 op:
1084 4038 1231 4101 sexaginta
1250 4052 1277 4101 p.
1300 4036 1312 4102 ΙΙ
1337 4038 1368 4085 13
1391 4036 1493 4099 eapitis

351 4124 396 4184 (cs.
415 4121 510 4186 Mar.):
532 4127 616 4186 caput
632 4134 689 4187 opp.
708 4119 719 4188 ΙΙ
739 4139 829 4186 aquae
848 4136 960 4187 specus:
979 4123 1018 4170 sie
1034 4137 1083 4185 opp
1101 4120 1159 4184 (sed
1175 4122 1215 4170 uti
1233 4127 1293 4170 ante
1311 4134 1412 4183 specus
1430 4121 1491 4171 add.

348 4217 388 4271 pc,
408 4209 451 4271 qui
465 4223 525 4256 moae
539 4223 590 4270 pro
609 4211 749 4256 structura
766 4223 815 4271 opp
833 4208 904 4256 dedit
922 4204 1101 4267 struendum).
1125 4202 1137 4270 ll
1161 4207 1193 4254 15
1211 4204 1384 4253 dimissiones
1401 4219 1458 4266 opp.
1476 4199 1491 4265 ΙΙ

289 4327 293 4333 -
351 4296 504 4341 structuras
523 4291 626 4341 solidas
645 4291 690 4341 vel
710 4289 860 4341 arcuatiles
877 4307 926 4354 opp
949 4288 1028 4354 (corr.
1049 4290 1159 4339 Polenus
1177 4305 1211 4338 eos
1233 4289 1293 4339 Vol.
1311 4287 1347 4350 2).
1373 4283 1385 4352 ll
1409 4287 1492 4336 1711-

351 4377 416 4424 bere
435 4391 493 4440 epo:
520 4374 611 4424 librae
631 4372 705 4439 (—re
721 4392 749 4438 p,
769 4391 830 4440 —re
849 4377 875 4423 in
897 4391 950 4424 ras.
968 4372 995 4437 p)
1018 4389 1067 4438 opp
1094 4370 1154 4434 (sed
1176 4388 1265 4436 aquae
1287 4387 1367 4435 supro
1388 4373 1493 4434 scripsit

348 4459 402 4523 pc).
426 4457 438 4525 ΙΙ
461 4463 491 4510 19
511 4460 602 4509 fracto
619 4475 666 4524 pp:
694 4459 796 4524 fragito
816 4459 874 4522 (sie)
892 4477 914 4508 υ.
938 4456 951 4523 ΙΙ
972 4460 1004 4507 21
1028 4457 1174 4521 planities:
1200 4458 1238 4505 sio
1260 4471 1316 4520 opp.
1341 4452 1353 4521 {l
1381 4456 1490 4504 minori:

349 4544 387 4592 εἰσ
398 4558 446 4606 opp
457 4542 494 4605 (ut
505 4560 584 4608 saepe
593 4545 627 4605 os.
636 4560 662 4607 p.
675 4546 733 4606 298,
745 4547 787 4594 25.
800 4546 859 4600 302,
872 4547 896 4593 3.
909 4545 972 4603 303,
983 4543 1028 4591 23,
1040 4540 1164 4603 304,10).
1178 4535 1233 4604 1123
1247 4539 1431 4603 grossitudine
1443 4555 1492 4603 opp

351 4625 400 4690 (of.
420 4630 487 4688 303,
507 4631 540 4676 18
558 4636 605 4678 ete.
623 4630 671 4678 sed
693 4627 878 4692 grossitudine
901 4628 962 4689 309,
980 4624 1037 4689 14);
1063 4624 1244 4674 crassitudine
1267 4626 1308 4676 ed.
1331 4619 1343 4688 ΙΙ
1365 4626 1399 4673 24
1421 4622 1493 4672 alter

350 4726 398 4774 pp:
418 4711 500 4768 alteri
518 4730 540 4762 υ.
556 4709 568 4778 Η
584 4715 617 4762 25
635 4712 681 4764 vel
694 4712 826 4776 palmum:
845 4713 883 4760 sic
900 4726 951 4785 opp
968 4711 997 4769 (i.
1010 4725 1033 4759 e.
1052 4709 1098 4760 vel
1116 4710 1220 4775 „palmi
1231 4707 1341 4774 spatio“
1359 4716 1388 4758 ut
1403 4706 1492 4772 Pau).
