3784 5625
385 642 426 706 76
874 657 1032 703 vrrnuvrr

385 809 593 895 sublicaeque
620 811 778 875 machinis
806 810 981 895 adigantur
1002 832 1098 896 quam
1120 809 1351 894 creberrimae,
1380 811 1526 877 carboni-

385 912 511 998 busque
526 911 719 998 expleantur
740 910 914 975 intervalla
935 910 1082 997 palorum
1105 921 1137 974 et
1157 922 1236 976 tunc
1258 914 1430 978 structuris
1453 914 1527 979 seli-

385 1013 529 1078 dissimis
543 1013 755 1078 fundamenta
776 1012 983 1099 impleantur.
1027 1014 1185 1077 extructis
1207 1023 1316 1078 autem
1337 1008 1526 1080 fundamen·

384 1118 427 1179 tis
454 1114 498 1179 ad
519 1113 750 1180 libramentum
777 1114 961 1202 stylobatae
987 1124 1064 1177 stmt
1092 1114 1293 1180 conlocandi.
1338 1140 1438 1205 supra
1460 1127 1556 1205 sty·3

350 1216 510 1282 tlobatas
526 1216 696 1282 columnae
710 1216 932 1302 disponendae
955 1216 1227 1301 quemadmodum
1248 1240 1348 1304 supra
1370 1221 1526 1306 seriptum

385 1328 451 1402 est,
485 1320 557 1382 sive
589 1320 623 1382 in
656 1317 850 1405 pycnostylo
887 1317 1159 1403 quemadmodum
1189 1318 1421 1408 pycnostyloe‚
1457 1322 1526 1385 sive

384 1419 511 1507 systylo
526 1431 582 1484 aut
597 1419 739 1506 diastylo
753 1429 810 1483 aut
825 1419 953 1506 eustylo
974 1419 1245 1504 quemadmodum
1267 1444 1366 1507 supra
1387 1423 1527 1509 scriptae

384 1532 461 1585 sunt
476 1532 509 1585 et
523 1522 728 1610 constitutae.
765 1523 798 1584 in
820 1520 1013 1610 araeostylis
1036 1522 1122 1585 enim
1143 1521 1277 1586 libertas
1300 1532 1350 1587 est
1372 1535 1526 1610 quantum

384 1624 501 1708 cuique
533 1621 629 1698 tibet,
647 1622 875 1687 constituendi.
930 1623 989 1686 sed
1021 1624 1068 1685 ita
1095 1621 1263 1687 columnae
1290 1624 1326 1687 in
1353 1626 1526 1712 peripteris

335 1734 368 1785 10
386 1722 593 1788 conlocentur
619 1725 669 1788 uti
698 1734 776 1809 quot
804 1723 1053 1788 intercolumnia
1079 1734 1155 1788 sunt
1183 1726 1218 1788 in
1239 1725 1347 1789 fronte
1353 1774 1363 1808 ,
1391 1726 1527 1791 totidem

384 1826 437 1890 bis
465 1825 713 1889 intercolumnia
740 1826 819 1890 fiant
845 1825 881 1887 in
903 1824 1070 1889 lateribus
1124 1828 1172 1891 ita
1199 1827 1287 1889 enim
1314 1828 1376 1891 erit
1404 1827 1526 1913 duplex

385 1925 556 2012 longitudo
583 1929 690 2013 operis
717 1925 759 1989 ad
788 1925 1005 1990 latitudinem.
1054 1948 1194 2014 namque
1221 1930 1277 2013 qui
1305 1927 1526 1993 columnarum

385 2028 622 2115 duplicationes
644 2027 791 2091 fecerunt
813 2029 973 2091 erravisse
995 2029 1165 2110 videntur,
1196 2029 1282 2114 quod
1307 2052 1408 2093 unum
1429 2031 1526 2095 inter·

334 2152 342 2165 ‘
385 2129 582 2195 columniam
603 2131 638 2192 in
659 2129 863 2213 longitudine
885 2129 958 2215 plus
981 2152 1078 2216 quam
1099 2140 1248 2217 oporteat
1267 2152 1458 2217 procurrere
1478 2134 1526 2195 vi-

335 2241 367 2289 15
384 2232 490 2296 deum.
530 2230 652 2318 gradus
667 2232 702 2293 in
716 2230 824 2295 fronte
839 2232 1061 2296 constituendi
1075 2234 1122 2296 ita
1144 2242 1221 2297 sunt
1240 2235 1291 2297 uti
1312 2235 1378 2297 sint
1400 2249 1556 2322 sempera

383 2336 524 2421 inpares.
567 2355 707 2418 namque
733 2355 808 2396 cum
834 2332 952 2398 dextro
979 2334 1062 2421 pede
1084 2335 1208 2422 primus
1230 2334 1351 2419 gradus
1370 2334 1525 2399 ascenda-

383 2445 456 2518 tur,
484 2437 565 2499 item
593 2437 629 2499 in
657 2456 781 2499 summo
808 2434 929 2521 templo
957 2437 1081 2521 primus
1104 2436 1167 2499 erit
1186 2434 1366 2523 ponendus.
1411 2438 1525 2501 crassi-

382 2536 514 2601 tudines
529 2547 636 2602 autem
660 2558 771 2600 eorum
792 2536 954 2622 graduum
976 2539 1022 2602 ita
1042 2537 1203 2601 finiendas
1226 2558 1342 2602 censeo
1363 2547 1401 2603 ut
1422 2560 1525 2625 neque

383 2628 557 2703 crassiores
585 2639 743 2703 dextante
770 2660 830 2702 nec
856 2640 1021 2704 tenuiores
1049 2637 1208 2704 dodrante
1234 2640 1302 2704 sint
1329 2638 1524 2705 conlocatae.

332 2751 366 2799 20
383 2741 431 2802 sic
457 2741 544 2802 enim
572 2740 672 2805 durus
699 2762 765 2804 non
792 2742 853 2803 erit
879 2762 1043 2804 ascensus.
1086 2741 1299 2805 retractiones
1322 2750 1432 2806 autem
1452 2764 1523 2828 gra-

383 2842 485 2906 duum
511 2864 571 2906 nec
597 2844 703 2906 minus
731 2865 827 2928 quam
854 2842 1095 2930 sesquipedales
1123 2865 1183 2907 nec
1210 2841 1282 2929 plus
1311 2865 1409 2930 quam
1435 2843 1524 2931 bipe-

383 2942 473 3006 dales
501 2943 671 3007 faciendae
698 2944 864 3009 videntur.
912 2948 991 3010 item
1018 2946 1047 3008 si
1074 2945 1160 3009 eirca
1187 2945 1301 3008 aedem
1330 2944 1452 3030 gradus
1474 2945 1522 3009 fu·

382 3046 447 3118 turi
469 3054 559 3128 sunt,
582 3045 625 3108 ad
648 3047 787 3110 eundem
808 3045 939 3111 modum
960 3048 1032 3111 fieri
1053 3046 1183 3111 debent.
1234 3049 1286 3110 sin
1307 3056 1418 3110 autem
1440 3048 1554 3112 circeo

381 3147 496 3211 aedem
512 3147 674 3211 extribus
690 3147 845 3212 lateribus
861 3148 996 3233 podium
1018 3147 1203 3212 faciendum
1226 3149 1302 3228 erit,
1324 3147 1368 3210 ad
1390 3147 1426 3212 id
1449 3170 1522 3213 con-

331 3259 364 3307 25
381 3251 536 3314 stituatur
562 3250 611 3313 uti
638 3248 782 3337 quadrae
809 3251 916 3336 spirae
943 3251 1050 3313 trunci
1078 3271 1215 3314 coronae
1241 3248 1324 3338 lysis
1353 3248 1523 3337 adipsum

382 3351 578 3437 stylobatam
601 3352 657 3436 qui
679 3352 741 3414 erit
763 3351 824 3416 sub
847 3350 1067 3416 columnarum
1090 3351 1188 3437 spiris
1210 3351 1419 3415 conveniant.
1456 3361 1521 3437 sty-

451 3508 464 3555 1
484 3505 663 3570 sublicaeque
676 3543 683 3557 .
694 3545 700 3557 .
712 3545 718 3556 .
732 3507 880 3572 adigantur
896 3507 968 3560 don:
990 3507 1155 3571 subligaque
1240 3506 1372 3571 adigatur
1391 3506 1450 3561 GH.
1472 3503 1484 3572 ΙΙ
1505 3509 1521 3556 3

383 3589 546 3656 expleantur
562 3592 651 3640 iterum
668 3593 701 3646 L,
729 3588 741 3657 ΙΙ
768 3590 961 3642 tcolloeandi
977 3590 1049 3644 Ine:
1077 3589 1265 3641 conlocandae
1283 3589 1362 3656 (—de
1382 3591 1415 3656 G)
1435 3590 1494 3644 GH.
1507 3588 1518 3655 ll

381 3674 517 3724 stlobatas
551 3682 611 3725 ante
641 3691 709 3726 corr.
741 3677 770 3727 G.
804 3673 816 3743 ΙΙ
847 3677 863 3726 5
894 3675 1047 3740 dispondeo
1079 3682 1138 3724 cate
1168 3691 1239 3726 corr.
1270 3676 1308 3724 II.
1336 3672 1348 3742 [Ι
1380 3678 1397 3726 e
1425 3676 1521 3740 pigno·

381 3757 446 3808 stilo
467 3760 500 3817 G,
523 3761 688 3826 pygnostylo
709 3762 742 3810 H
756 3760 806 3823 (L,
825 3761 989 3827 pypnostylo
1006 3764 1026 3818 1,
1050 3760 1208 3826 pipnostylo
1227 3758 1278 3823 cle).
1301 3755 1314 3825 ΙΙ
1341 3760 1520 3827 pycnostylos

381 3859 441 3908 ege:
460 3842 696 3909 py(i)gnosty(i)la
715 3846 774 3896 GH.
797 3842 810 3912 ΙΙ
831 3849 847 3896 't
867 3847 989 3910 scriptae
1010 3880 1036 3896 ..
1053 3882 1059 3893 .
1079 3843 1247 3894 constitutae
1265 3859 1326 3908 epo:
1350 3844 1517 3910 scripta

382 3929 535 3979 constituta
559 3930 617 3981 GH.
645 3926 659 3996 [l
687 3932 718 3987 10
736 3935 801 3994 quot
819 3928 907 3994 (Ll⁶):
936 3929 1008 3993 quod
1025 3930 1066 3989 H,
1090 3926 1127 3993 qd
1145 3927 1167 3977 G
1185 3928 1240 3990 (le).
1268 3924 1281 3994 ΙΙ
1310 3931 1341 3979 15
1358 3930 1400 3979 ita
1418 3927 1519 3979 suntG

381 4013 439 4077 (lclz
458 4014 500 4062 ita
516 4014 574 4064 sint
590 4014 623 4062 H
637 4013 692 4079 (L).
715 4011 728 4081 ΙΙ
752 4017 783 4065 17
802 4013 994 4064 crassitudinis
1011 4020 1070 4063 ante
1087 4029 1158 4064 corr.
1181 4011 1219 4061 H.
1242 4009 1255 4078 Ι]
1283 4015 1316 4063 19
1334 4011 1467 4064 dextante
1485 4013 1517 4064 G:

382 4099 512 4159 extentae
536 4099 568 4146 H
587 4095 712 4162 (extante
736 4097 805 4160 Llc).
827 4094 840 4164 ΙΙ
863 4101 896 4148 20
914 4099 988 4148 enim
1009 4114 1057 4149 em.
1076 4098 1109 4151 L.
1133 4091 1146 4162 ss
1168 4095 1518 4161 recrastinandum

380 4182 494 4246 camd:
513 4181 885 4246 retractationeslratccn).
909 4179 922 4249 ss
946 4187 1036 4232 autem
1055 4199 1102 4234 om.
1121 4181 1154 4230 L.
1178 4174 1190 4244 ΙΙ
1213 4180 1361 4245 graduum:
1381 4179 1518 4248 glaldinm

381 4273 440 4316 ante
457 4283 526 4318 corr.
545 4271 554 4316 l
572 4266 687 4334 (graduti
706 4268 744 4327 cd,
761 4269 810 4318 sed
826 4266 923 4332 glabir'r
940 4271 968 4316 tn
985 4275 1036 4317 not.
1054 4281 1134 4331 marg.
1150 4262 1202 4325 ed).
1225 4261 1238 4331 Η
1260 4268 1293 4316 23
1311 4266 1365 4317 feri
1376 4273 1437 4317 am
1449 4265 1517 4331 (tps.)

380 4383 450 4418 corr.
470 4369 501 4417 G.
524 4363 537 4433 ll
559 4369 593 4418 24
611 4368 720 4419 aedem:
740 4368 837 4418 eadem
854 4375 913 4418 unte
930 4384 999 4419 corr.
1020 4359 1137 4433 (eddam)
1155 4356 1197 4412 Ηζ
1215 4360 1229 4430 ll
1249 4365 1286 4437 ad
1301 4366 1330 4417 id
1342 4369 1395 4420 te.
1407 4367 1445 4418 ad
1460 4382 1518 4417 eum

380 4450 496 4502 modum.
512 4446 525 4516 ΙΙ
540 4453 573 4501 25
584 4452 653 4515 lysis
664 4454 694 4502 II
705 4449 809 4517 (thlc,
832 4454 868 4517 cs.
882 4454 913 4512 V,
925 4454 964 4517 7):
986 4453 1060 4518 lapis
1080 4458 1102 4507 G
1119 4451 1155 4510 (in
1172 4462 1253 4512 καφ.
1272 4451 1307 4502 G⁶
1323 4454 1336 4503 i
1354 4452 1386 4502 at
1402 4450 1489 4516 lysis).
1503 4447 1515 4515 l1'

379 4536 467 4597 ipsam
486 4535 517 4586 G.
539 4530 552 4601 ΙΙ
573 4538 607 4586 26
625 4537 861 4602 sty(iG)lobatam
879 4540 931 4589 GH
952 4539 995 4604 (L,
1013 4542 1182 4609 stylopstam
1199 4541 1243 4605 tc).
1266 4535 1279 4605 Ι]
1302 4540 1348 4602 qui
1371 4541 1437 4590 crit:
1455 4551 1517 4602 qne·

378 4619 416 4666 rit
441 4628 500 4669 ante
522 4636 599 4671 corr..
615 4622 643 4672 G.
671 4618 684 4687 ΙΙ
711 4622 897 4674 columnarum
919 4625 1003 4679 Rode:
1034 4627 1161 4696 columne
1190 4629 1224 4688 G,
1251 4627 1381 4679 columns
1395 4623 1400 4690 Ι
1413 4623 1445 4672 Η
1463 4620 1515 4685 (00-

287 4702 296 4712 ²
380 4702 472 4754 lumna
489 4704 559 4769 Ltc).
