3784 5625
686 658 732 703 nu
756 657 1023 703 assumserunt
1049 659 1117 705 nra.
1141 661 1188 706 vr.
1446 645 1506 708 137

363 811 633 875 animadvertere.
679 809 793 874 calices
816 810 881 876 duo
896 812 929 874 in
945 833 1010 876 una
1025 811 1157 876 fornace
1172 834 1274 898 aeque
1290 814 1373 878 cocti
1388 836 1505 899 acquo-

365 936 428 999 que
456 913 601 1000 pondere
628 912 670 975 ad
698 914 921 998 crepitumque
949 936 1013 977 uno
1036 915 1144 977 sonitu
1166 924 1345 978 sumantur.
1390 939 1430 979 ex
1454 916 1506 980 his

364 1038 446 1080 unus
475 1016 510 1078 in
536 1035 652 1100 aquam
680 1013 884 1096 demittatur,
919 1023 1032 1099 postea
1054 1037 1096 1077 ex
1117 1037 1201 1101 aqua
1223 1017 1400 1100 eximatur,
1429 1027 1506 1081 tunc

363 1116 494 1202 utrique
516 1125 701 1199 tangantur.
739 1136 813 1178 cum
836 1117 922 1177 enim
942 1116 989 1178 ita
1003 1116 1126 1180 factum
1140 1116 1249 1198 fuerit,
1273 1116 1408 1201 largiter
1422 1120 1507 1182 inter

365 1239 419 1282 eos
443 1220 567 1283 sonitus
590 1217 790 1303 discrepabit
811 1238 979 1302 aequoque
1001 1217 1144 1303 pondere
1165 1241 1231 1281 non
1252 1229 1406 1306 poterunt
1425 1236 1540 1284 esses

363 1321 410 1383 ita
433 1330 464 1383 et
486 1320 653 1383 hominum
676 1340 810 1404 corpora
831 1340 895 1383 uno
912 1340 1032 1402 genere
1047 1318 1251 1402 figurationis
1268 1331 1299 1384 et
1314 1344 1378 1384 una
1393 1323 1507 1386 mundi

365 1422 591 1486 coniunctione
619 1430 774 1506 concepta
795 1418 859 1483 alia
881 1429 1014 1506 propter
1035 1422 1179 1504 regionis
1202 1422 1353 1485 ardorem
1374 1433 1506 1488 acutum

364 1525 516 1610 spiritum
544 1524 630 1586 aeris
659 1523 845 1608 exprimunt
873 1530 978 1604 tactu,
1011 1520 1075 1584 alia
1101 1532 1234 1609 propter
1261 1524 1382 1588 umoris
1404 1526 1506 1589 abun-

364 1625 510 1688 dantiam
531 1625 743 1709 gravissimas
767 1622 937 1686 effundunt
960 1645 1111 1687 sonorum
1134 1622 1318 1709 qualitates.

329 1744 345 1791 9
448 1726 534 1789 Item
561 1736 694 1813 propter
721 1726 913 1788 tenuitatem
946 1721 1028 1787 caeli
1059 1724 1260 1789 meridianae
1287 1729 1434 1791 nationes
1465 1750 1507 1791 cx
1527 1741 1558 1789 10
1658 1711 1661 1718 ’

363 1836 459 1891 acuta
480 1827 610 1892 fervore
632 1836 740 1890 mente
763 1825 949 1911 expeditius
973 1824 1174 1913 celeriusque
1189 1839 1361 1893 moventur
1374 1830 1417 1893 ad
1433 1853 1506 1894 con-

364 1927 512 1993 siliorum
534 1930 756 2012 cogitationes.
803 1926 1071 2015 septentrionales
1100 1939 1210 1993 autem
1236 1940 1351 2013 gentes
1380 1932 1508 1996 infusae

363 2031 581 2095 crassitudine
596 2030 688 2113 caeli,
711 2039 843 2117 propter
858 2030 1056 2094 obstantiam
1070 2032 1155 2093 aeris
1170 2053 1282 2096 umore
1296 2032 1508 2118 refrigeratae

364 2142 532 2218 stupentes
556 2131 677 2197 habent
698 2142 834 2197 mentes.
879 2135 941 2198 hoc
962 2142 1071 2196 autem
1093 2134 1140 2196 ita
1162 2155 1233 2196 esse
1260 2156 1280 2195 a
1301 2135 1506 2221 serpentibus

362 2233 440 2297 licet
454 2235 610 2320 aspicere,
628 2256 709 2319 quae
725 2256 782 2321 per
797 2234 936 2299 calorem
952 2257 1025 2298 cum
1041 2233 1233 2298 exhaustam
1248 2234 1370 2300 habent
1384 2238 1507 2300 umoris
1527 2248 1558 2295 15

362 2335 655 2420 refrigerationem,
678 2346 755 2399 tunc
776 2338 931 2399 acerrime
947 2345 1128 2418 moventur,
1152 2358 1211 2421 per
1225 2335 1384 2400 brumalia
1398 2347 1507 2400 autem

365 2445 396 2499 ct
418 2435 556 2499 hiberna
578 2446 723 2524 tempora
745 2436 787 2499 ab
809 2438 988 2501 mutatione
1011 2421 1092 2499 caeli
1113 2435 1343 2520 refrigeratae,
1366 2438 1507 2501 inmotae

364 2546 439 2601 sunt
462 2547 604 2624 stupore.
648 2539 694 2603 ita
716 2562 781 2603 non
804 2550 853 2602 est
875 2537 1075 2616 mirandum,
1099 2538 1127 2601 si
1148 2539 1308 2601 acutiores
1332 2538 1433 2602 efficit
1456 2561 1507 2601 ca-

364 2638 450 2702 lidus
473 2661 530 2702 aer
550 2640 717 2704 hominum
738 2650 875 2723 mentes,
898 2640 1111 2725 refrigeratus
1134 2648 1242 2703 autem
1258 2650 1371 2703 contra
1386 2641 1505 2705 tardio-

319 2759 348 2806 ιο
364 2762 427 2803 res,
470 2764 544 2804 cum
566 2743 632 2805 sint
653 2751 762 2806 autern
785 2742 984 2806 meridianae
1006 2743 1155 2805 nationes
1177 2741 1294 2805 animis
1310 2743 1506 2807 acutissimis
1525 2755 1558 2803 20

364 2842 557 2929 infinitaque
579 2843 722 2908 sollertia
745 2845 963 2927 consiliorum,
987 2842 1085 2908 simul
1101 2843 1143 2906 ad
1159 2843 1384 2908 fortitudinem
1399 2846 1507 2930 ingrc-

366 2943 500 3009 diuntur
522 2945 569 3009 ibi
591 2948 822 3029 succumbunt,
852 2946 938 3033 quod
966 2946 1088 3010 habent
1111 2956 1261 3010 exsuctas
1284 2946 1325 3009 ab
1349 2945 1417 3012 sole
1438 2949 1506 3010 ani-

365 3069 490 3112 morum
512 3048 661 3112 virtutes.
706 3051 761 3135 qui
782 3070 861 3114 vero
882 3047 1085 3132 refrigeratis
1108 3057 1286 3112 nascuntur
1307 3049 1506 3132 regionibus,

366 3147 407 3211 ad
428 3170 591 3212 armomm
614 3150 852 3215 vehementiam
875 3151 1055 3237 paratiores
1077 3157 1153 3213 sunt
1180 3151 1307 3234 magnis
1330 3150 1507 3215 virtutibus

366 3249 436 3313 sine
457 3250 584 3334 timore,
608 3251 666 3315 sed
686 3251 843 3316 tarditate
864 3253 966 3316 animi
988 3253 1057 3315 sine
1080 3250 1320 3315 considerantia
1341 3253 1507 3317 inruentes
1525 3265 1558 3313 25

366 3352 435 3414 sine
458 3350 604 3416 sollertia
632 3355 700 3418 suis
729 3353 874 3418 consiliis
902 3355 1119 3438 refragantur.
1164 3371 1236 3417 cum
1260 3375 1336 3438 ergo
1359 3353 1438 3418 haec
1460 3356 1507 3419 ita

366 3432 431 3516 sint
452 3453 495 3516 ab
516 3463 632 3518 natura
653 3476 761 3524 rerum
782 3457 818 3519 in
839 3456 960 3521 mundo
983 3455 1150 3520 conlocata
1172 3465 1204 3519 et
1226 3478 1336 3520 omnes
1359 3458 1507 3520 nationes

365 3553 577 3619 inmoderatis
601 3558 814 3621 mixtionibus
838 3558 1039 3645 disparatae,
1068 3579 1163 3621 veros
1186 3559 1272 3622 inter
1295 3559 1437 3645 spatium
1458 3568 1505 3624 to·

369 3746 595 3756 ————-.-.

433 3865 449 3912 2
467 3869 591 3914 sumatur
608 3865 634 3914 Ε
652 3864 714 3928 (non
728 3865 768 3931 Θ).
785 3863 796 3931 ΙΙ
813 3869 828 3916 3
846 3867 1006 3916 demittatur
1025 3868 1052 3915 H
1070 3865 1166 3930 (GtLb
1185 3866 1340 3917 dimittatur
1358 3865 1407 3915 ΕΘ
1425 3861 1478 3929 (lc).
1492 3862 1505 3930 tl

366 3947 383 3996 5
399 3947 572 4013 discrepabit
589 3949 639 4000 ΕΘ
656 3948 716 4014 (L):
740 3951 852 4014 —pauit
870 3951 901 3999 H
921 3951 1047 4015 (-pa1iit
1064 3954 1082 4007 l,
1102 3955 1204 4015 -pant
1225 3951 1276 4014 ct).
1298 3947 1311 4015 ΙΙ
1334 3952 1349 3999 6
1368 3949 1506 3999 hominum

368 4046 484 4097 corpora
502 4034 532 4083 H
548 4032 631 4097 (Ltc):
659 4049 775 4097 corpora
796 4035 934 4085 hominum
957 4035 1013 4085 ΕΘ.
1037 4032 1049 4099 ΙΙ
1073 4037 1103 4083 11
1123 4039 1205 4084 acuta
1223 4036 1252 4083 H
1270 4032 1328 4096 (lc):
1353 4037 1435 4082 acuto
1458 4032 1507 4082 ΕΘ

368 4113 423 4178 (L).
446 4112 458 4182 ΙΙ
482 4118 514 4167 13
532 4117 675 4168 obstantis]
687 4118 720 4167 Ε.
744 4115 755 4183 ss
780 4121 810 4168 17
830 4120 864 4168 ab
878 4121 1041 4169 mutatione:
1060 4118 1194 4168 sicEGH.
1217 4114 1229 4183 Η
1248 4117 1432 4180 refrigeratae
1450 4117 1506 4166 ert:

366 4205 430 4251 -ta
447 4200 534 4252 ΕΘΗ.
558 4198 723 4275 ssimmctae
747 4205 803 4252 ed:
829 4204 934 4252 inmota
953 4205 1031 4253 ΕΘΗ
1047 4201 1119 4265 (hle,
1138 4203 1242 4251 immoti
1261 4200 1316 4264 60).
1340 4196 1352 4266 [l
1375 4203 1406 4250 21
1426 4199 1506 4249 simul

365 4284 395 4332 H
412 4281 498 4349 (maz
516 4287 599 4336 simul
616 4290 648 4336 ut
664 4287 721 4339 ΕΘ,
746 4283 758 4352 Η
782 4289 814 4336 22
833 4291 962 4337 exsuctas
980 4286 1108 4350 (exactas
1125 4286 1179 4348 Hc)
1198 4285 1252 4334 ΕΗ
1271 4283 1407 4348 (exinctas
1424 4289 1441 4343 l,
1461 4301 1507 4335 ex-

313 4409 316 4420 .
367 4370 462 4420 snbtas
481 4372 512 4432 Ε,
533 4376 646 4422 exustas
664 4371 731 4436 cdd:
751 4376 846 4420 exutas
867 4372 895 4424 G.
919 4368 931 4438 Η
954 4374 988 4420 24
1000 4370 1148 4420 virtutibus
1166 4371 1226 4419 sine
1244 4370 1269 4419 L
1288 4367 1343 4434 (qui
1358 4371 1408 4419 sic:
1427 4385 1507 4434 para·

345 4455 450 4511 ‚tiores
472 4456 670 4522 sunt.magnis
697 4457 932 4506 virtutibus.sine
959 4455 1137 4506 timore.sed
1162 4454 1233 4516 ...):
1266 4454 1414 4504 virtutibus
1444 4459 1507 4504 sunt

366 4539 426 4588 sinc
444 4538 524 4589 ΕΘΗ
541 4537 596 4606 (lc).
619 4537 631 4606 ll
653 4543 686 4591 26
704 4542 881 4606 refragantur
900 4540 962 4591 GH:
986 4539 1183 4604 refranguntur
1205 4539 1238 4588 Ε.
1263 4534 1274 4604 ΙΙ
1297 4554 1363 4604 ergo
1390 4539 1461 4588 haec
1478 4540 1507 4588 H

367 4621 449 4688 (Lle):
478 4623 550 4674 haec
573 4641 638 4690 ergo
656 4626 712 4678 ΕΘ.
736 4621 748 4691 Η
774 4627 853 4675 aret
939 4623 1118 4673 mixtionibus
1136 4612 1312 4688 disparatae:
1330 4626 1368 4673 sic
1386 4623 1471 4676 ΕΘΗ.
1492 4620 1504 4688 Η

365 4708 398 4758 28
415 4724 498 4760 veros
515 4710 552 4763 Is.
576 4711 663 4762 Voss:
682 4726 748 4761 vero
767 4709 852 4761 ΕΘΗ.
