3784 5625
598 649 608 665 ⁸
693 677 741 722 nu
763 675 1031 723 nacurrucruua
1053 676 1120 724 nur.
1142 682 1177 722 x.
1443 660 1508 725 265

364 833 522 897 habentes
544 833 633 894 circa
654 830 777 894 frontes
799 828 918 892 affixas
940 831 1058 915 pinnas
1080 852 1197 915 aquam
1212 839 1394 913 tangentes,
1428 830 1507 893 item

364 934 491 997 medius
514 934 587 996 axis
609 934 645 995 in
665 931 774 995 media
801 932 880 994 navi
901 930 1002 994 habet
1028 941 1220 1018 tympanum
1249 953 1322 994 curn
1342 954 1407 995 nno
1429 931 1506 994 den-

364 1034 465 1100 ticulo
488 1036 614 1098 extanti
637 1045 730 1098 extra
752 1056 844 1097 suam
866 1033 1110 1098 rotunditatem.
1144 1034 1188 1097 ad
1210 1055 1283 1097 eum
1305 1033 1411 1098 locum
1433 1054 1506 1096 con·

364 1136 490 1201 locatur
504 1134 755 1199 loculamentum
770 1135 893 1198 babens
908 1134 1070 1198 inclusum
1085 1136 1120 1199 in
1134 1158 1169 1199 se
1180 1146 1381 1221 tympanum,
1397 1155 1507 1221 perae
1581 1141 1587 1152 ‘

366 1239 473 1325 quatis
496 1236 650 1301 dentibus
666 1254 750 1301 cccc
772 1236 1044 1301 convenientibus
1068 1236 1231 1302 denticulo
1250 1238 1399 1322 tympani
1421 1235 1542 1321 quoda

366 1350 416 1403 est
443 1340 480 1402 in
504 1360 568 1401 axe
596 1337 767 1403 inclusum.
811 1348 980 1425 praeterea
1005 1339 1049 1401 ad
1076 1338 1162 1404 latus
1182 1339 1321 1402 affixum
1343 1347 1508 1402 extantem

331 1450 461 1505 cextra
480 1439 715 1505 rotunditatem
735 1439 873 1505 alterum
896 1441 1028 1504 dentem
1042 1464 1153 1505 unum.
1195 1442 1329 1527 insuper
1349 1440 1385 1502 in
1405 1438 1508 1502 altero

366 1541 582 1607 loculamento
605 1564 678 1605 cum
700 1565 738 1606 eo
760 1542 889 1607 confixo
911 1542 1072 1608 inclusum
1094 1552 1286 1631 tympanum
1312 1541 1445 1629 planum
1466 1538 1509 1603 ad

366 1644 505 1709 eundem
527 1645 659 1708 modum
680 1645 859 1726 dentatum,
883 1644 1153 1709 convenientibus
1176 1644 1329 1714 dentibus
1344 1640 1510 1706 denticulo

366 1747 424 1832 qui
446 1755 495 1808 est
523 1745 565 1808 ad
594 1745 680 1809 latus
700 1745 786 1810 fixus
809 1756 967 1835 tympano
995 1746 1082 1832 quod
1109 1756 1160 1810 cst
1181 1746 1216 1808 in
1237 1744 1341 1809 cultro
1363 1743 1509 1810 conloca·
1530 1760 1561 1806 lo

365 1858 447 1928 tum,
469 1848 517 1911 ita
536 1857 575 1910 nt
597 1868 651 1911 eos
674 1846 788 1911 dentes
811 1850 867 1935 qui
890 1856 967 1912 sunt
988 1848 1079 1933 plani
1105 1849 1254 1934 tympani
1276 1846 1415 1931 singulis
1437 1867 1510 1909 ver·

366 1949 547 2013 sationibus
575 1948 722 2033 singulos
751 1949 831 2013 dens
859 1949 1047 2037 inpellendo
1074 1951 1110 2013 in
1137 1949 1249 2014 orbem
1270 1948 1404 2035 planum
1425 1958 1509 2034 tym-

365 2073 485 2138 panum
508 2061 626 2119 verset.
670 2052 705 2114 in
727 2050 824 2137 plano
846 2063 955 2116 autem
981 2063 1137 2140 tympano
1165 2050 1323 2115 foramina
1351 2049 1447 2130 fiant,
1475 2049 1511 2111 in

366 2152 484 2240 quibus
506 2151 721 2217 foraminibus
744 2152 1000 2217 conlocabuntur
1022 2152 1138 2216 calculi
1165 2150 1309 2216 rotundi.
1353 2152 1389 2213 in
1415 2149 1511 2213 theca

367 2255 436 2318 eius
457 2256 607 2341 tympani
634 2256 705 2317 sive
726 2254 979 2319 loculamentum
1002 2266 1173 2318 estunam
1203 2252 1349 2318 foramen
1372 2264 1562 2314 exorare-15

366 2367 420 2422 tur
442 2356 566 2421 habens
589 2355 820 2437 canaliculum,
843 2379 908 2441 qua
930 2354 1072 2419 calculus
1101 2355 1260 2419 liberatus
1282 2354 1325 2428 ab
1346 2352 1512 2417 obstantia

332 2472 441 2521 ‘lcum
463 2457 618 2521 ceciderit
639 2459 674 2521 in
696 2480 754 2521 vas
776 2479 906 2521 aereum
928 2460 1037 2522 sonitu
1059 2457 1231 2542 significet.
1266 2458 1313 2520 ita
1326 2457 1422 2519 navis
1437 2476 1512 2518 cum

365 2559 517 2624 habuerit
539 2561 697 2646 impetum
719 2569 776 2623 aut
803 2580 966 2623 remorum
986 2568 1043 2622 aut
1064 2571 1237 2623 ventorum
1265 2558 1362 2639 flatu,
1391 2557 1511 2644 pinnae

366 2683 450 2749 quae
478 2672 573 2726 erunt
600 2663 636 2726 in
662 2662 742 2725 rotis
776 2671 948 2747 tangentes
975 2684 1093 2748 aquam
1124 2660 1298 2724 adversam
1325 2658 1512 2723 vehementi
1538 2738 1543 2748 ι

364 2773 528 2829 retrorsus
550 2762 681 2851 inpulsu
704 2773 834 2829 coactae
856 2763 1035 2828 versabunt
1056 2772 1161 2846 rotas,
1195 2783 1252 2827 eac
1273 2771 1384 2826 autem
1405 2759 1510 2825 invol-
1529 2771 1562 2821 20

366 2865 476 2930 vendo
500 2888 535 2930 se
556 2875 656 2951 agent
677 2888 784 2950 axem,
807 2868 880 2930 axis
902 2888 982 2931 vero
1004 2876 1207 2952 tympanum,
1231 2865 1323 2928 cuius
1346 2864 1426 2928 dens
1450 2863 1511 2926 cir·

366 2976 535 3032 cumactus
567 2966 705 3051 singulis
739 2968 980 3033 versationibus
1017 2965 1164 3051 singulos
1198 2965 1332 3031 sectmdi
1363 2966 1513 3052 tympani

366 3069 482 3133 dentes
498 3066 685 3154 inpellendo
700 3069 845 3135 modicas
862 3069 963 3135 efficit
982 3069 1232 3133 circumitiones.
1264 3069 1312 3131 ita
1332 3089 1406 3130 curn
1428 3082 1512 3130 cccc

365 3171 408 3235 ab
438 3171 549 3257 pinnis
577 3179 668 3232 rotae
695 3169 817 3236 fuerint
844 3183 1010 3255 versatae,
1041 3169 1140 3235 semel
1162 3179 1354 3257 tympanum
1375 3169 1511 3232 circum-

365 3281 478 3336 actum
507 3269 643 3357 inpellet
671 3269 768 3336 dente
799 3276 855 3360 qui
877 3282 927 3337 est
949 3271 1098 3337 adlatus
1122 3272 1224 3353 fixus,
1251 3270 1342 3358 plani
1362 3270 1512 3358 tympani
1530 3279 1563 3328 25

366 3374 511 3437 dentem.
550 3373 652 3456 igitur
674 3374 855 3440 circumitio
877 3377 1026 3462 tympani
1046 3374 1137 3462 plani
1159 3373 1448 3460 quotienscumque
1469 3371 1513 3435 ad

365 3475 517 3539 foramen
545 3471 700 3560 perducet
727 3474 883 3561 calculos,
915 3479 1041 3541 emittet
1063 3498 1121 3563 per
1143 3472 1367 3539 canaliculum.
1411 3472 1514 3537 itaet

364 3577 479 3642 sonitu
503 3583 535 3636 et
557 3594 691 3637 numero
713 3576 873 3642 indicabit
894 3578 1036 3642 miliaria
1057 3579 1164 3664 spatia
1185 3576 1418 3660 navigationis.

367 3719 603 3735 ’,ᾗ

437 3799 453 3846 2
473 3794 717 3859 navi'tympanum
735 3798 812 3849 ΕΘΗ
830 3799 927 3863 (habet
945 3805 1006 3854 add.
1024 3801 1104 3867 doc).
1127 3798 1139 3869 ΙΙ
1161 3803 1178 3850 4
1195 3799 1360 3863 Peraquatis
1373 3804 1432 3847 ante
1444 3814 1513 3852 corr.

367 3886 390 3935 Θ
410 3880 472 3946 (uon
491 3879 537 3943 Ε).
555 3874 568 3945 ΙΙ
584 3881 599 3928 b
618 3879 743 3934 CCCO.:
760 3886 798 3934 εἰσ
815 3886 901 3939 ΕΘΗ.
919 3884 931 3953 ΙΙ
955 3886 1126 3939 dcciculoE.
1149 3884 1161 3953 ΙΙ
1184 3888 1198 3936 7
1218 3879 1436 3946 alteru.lunum
1454 3889 1512 3931 ante

365 3985 437 4020 corr.
459 3965 481 4015 Θ
501 3961 549 4026 (Θο
565 3966 626 4015 adu.
645 3965 755 4017 dentem
766 3987 801 4011 =
811 3971 839 4018 H
856 3978 880 4021 et
899 3972 936 4029 E,
955 3972 998 4021 abi
1014 3974 1071 4021 item
1093 3972 1212 4021 alterum
1227 3968 1231 4036 Ι
1247 3970 1357 4018 dentem
1379 3965 1482 4027 uuum).
1498 3961 1510 4030 Η

365 4058 382 4104 9
403 4048 634 4102 convenientibus
652 4051 727 4101 Scan.
746 4052 783 4114 (ut
798 4071 825 4118 p.
838 4058 898 4114 264,
912 4044 955 4117 2){
975 4056 1073 4120 quibus
1092 4054 1179 4120 (quib3
1192 4055 1236 4116 Η)
1262 4052 1347 4103 ΕΘΗ.
1366 4046 1379 4118 ll
1394 4054 1426 4102 10
1443 4054 1513 4115 tym-

366 4151 455 4204 pano:
474 4137 513 4184 εἰσ
531 4133 611 4184 ΕΘΗ
627 4133 700 4198 (—ni
716 4136 814 4200 Solen).
830 4136 842 4204 l}
862 4139 1009 4189 conlocati
1026 4141 1055 4189 in
1075 4156 1121 4190 eos
1142 4139 1238 4189 dentes
1251 4137 1332 4189 ΕΘΗ
1348 4135 1399 4198 (ita
1417 4138 1448 4185 ut
1466 4151 1514 4186 eos

367 4221 468 4284 Sela).
493 4214 505 4285 ΙΙ
530 4221 561 4267 12
579 4218 647 4269 dena
671 4219 836 4281 (denticulus
855 4223 949 4283 Mar.):
973 4223 1071 4273 dentes
1094 4224 1181 4273 ΕΘΗ.
1204 4218 1216 4288 ΙΙ
1240 4222 1350 4287 planum
1368 4222 1437 4270 εσσε
1457 4220 1514 4286 ple-

367 4323 433 4356 num
451 4304 538 4354 ΕΘΗ.
561 4300 574 4369 ll
596 4306 627 4352 14
650 4302 732 4352 techa
751 4305 772 4354 Θ
794 4303 854 4368 (non
872 4306 917 4367 Ε).
939 4302 952 4371 ΙΙ
973 4309 1004 4356 15
1021 4309 1146 4372 tympani
1163 4308 1191 4355 H
1208 4304 1328 4370 (Gcch):
1350 4320 1415 4354 -no
1430 4305 1487 4354 EG.
1500 4303 1511 4369 ll

369 4394 401 4441 17
425 4403 551 4439 aereum:
574 4389 612 4436 sic
630 4386 716 4435 EGH.
736 4383 748 4451 ΙΙ
771 4388 862 4436 sonitu
880 4405 940 4454 epo:
960 4392 1079 4440 sonitum
1098 4391 1174 4454 l-tir
1193 4391 1225 4453 Θ)
1245 4390 1330 4441 ΕΘΗ.
1348 4386 1361 4456 ΙΙ
1383 4391 1415 4440 18
1433 4391 1513 4440 flatu:

366 4479 405 4526 εἰσ
428 4473 517 4524 ΕΘΗ.
545 4467 558 4537 {l
584 4469 617 4520 20
640 4485 690 4520 eae
720 4470 797 4520 ΕΘΗ
825 4470 872 4534 (L,
899 4472 952 4522 hae
979 4474 1022 4535 cl,
1053 4474 1087 4538 he
1109 4475 1139 4538 l).
1166 4471 1178 4539 ll
1205 4476 1238 4523 23
1261 4474 1449 4524 circuitiones:
1477 4478 1515 4523 εἰσ

368 4561 457 4610 ΕΘΗ.
481 4554 494 4623 ΙΙ
519 4555 646 4607 CCCC.:
665 4557 702 4605 εἰσ
720 4554 805 4606 ΕΘΗ.
830 4550 841 4619 ΙΙ
864 4558 897 4605 24
915 4557 1043 4620 abpinnis
1064 4558 1117 4607 ΘΗ
1132 4556 1178 4619 (L,
1198 4558 1333 4621 abpennIs
1351 4557 1400 4619 lc),
1420 4555 1514 4621 ablin-

369 4645 464 4710 pinnia
482 4641 515 4694 E.
541 4637 553 4706 ΙΙ
576 4637 760 4702 circumpell&
775 4637 779 4701 Ι
795 4638 876 4692 dente
896 4639 919 4694 Ε
938 4637 999 4708 (non
1019 4641 1060 4704 Θ).
1083 4637 1095 4708 Η
1117 4642 1151 4690 25
1170 4645 1212 4692 est
1231 4643 1277 4693 ad:
1296 4647 1333 4694 sic
1351 4643 1436 4695 EGH.
1454 4638 1465 4707 ll
1481 4642 1513 4692 27

370 4725 483 4783 calculo
501 4725 527 4774 Ε
546 4724 607 4788 (non
627 4723 668 4790 Θ).
