3784 5625
677 684 724 729 nn
746 681 1012 729 anonrrncruna
1037 683 1105 727 mn.
1129 688 1162 728 x.
1426 666 1489 731 183

347 835 467 923 populo
490 836 582 899 dedit
604 841 744 900 munus'.
781 836 827 898 ita
849 836 884 898 in
905 835 1146 921 repugnatoriis
1169 834 1266 897 rebus
1281 856 1347 897 non
1362 839 1490 899 tantum

347 937 517 1002 machinae
541 937 599 1002 sed
622 940 720 1002 etiam
741 938 884 1001 maxime
906 936 1041 1001 consilia
1064 945 1140 999 sunt
1162 935 1389 1023 comparanda.

314 1053 330 1101 9
433 1039 507 1104 Non
534 1041 641 1104 minus
664 1038 746 1103 Chio
774 1061 847 1104 cum
875 1051 975 1124 supra
996 1059 1097 1101 naves
1119 1038 1345 1101 sambucarum
1366 1038 1488 1102 machi·

347 1163 407 1206 nas
429 1140 538 1205 hostes
561 1141 848 1226 comparavissent‚
871 1148 970 1204 noctu
992 1138 1069 1203 Chii
1090 1148 1210 1203 terram
1232 1140 1386 1203 harenam
1408 1140 1488 1227 lapi-

348 1243 407 1306 des
434 1251 666 1329 progesserunt
693 1243 727 1305 in
754 1263 842 1305 mare
864 1250 939 1305 ante
962 1263 1100 1305 murum.
1144 1244 1191 1305 ita
1210 1241 1261 1306 illi
1282 1240 1412 1327 postero
1436 1241 1523 1305 dies

349 1366 423 1407 cum
454 1343 610 1407 accedere
643 1342 840 1427 voluissent,
874 1364 975 1408 naves
1009 1365 1107 1431 supra
1136 1345 1380 1428 aggerationem
1408 1365 1490 1430 quae

348 1446 455 1511 fuerat
477 1444 538 1509 sub
561 1466 646 1531 aqua
668 1444 822 1509 sederunt
842 1465 903 1507 nec
923 1446 967 1507 ad
981 1468 1110 1510 murum
1124 1446 1280 1509 accedere
1293 1467 1353 1509 nee
1370 1455 1488 1510 retror-

349 1570 404 1612 sus
427 1568 463 1611 se
484 1547 630 1633 recipcre
657 1556 848 1633 potuerunt,
878 1546 936 1609 sed
959 1546 1007 1609 ibi
1028 1545 1186 1611 malleolis
1210 1547 1356 1611 confixae
1379 1548 1488 1610 incen-

349 1649 404 1712 dio
436 1659 512 1714 sunt
539 1648 765 1733 conflagratae.
809 1646 986 1734 Apollonia
1013 1670 1142 1734 quoquc
1174 1671 1247 1713 cum
1274 1648 1489 1713 circumsede-

349 1759 439 1814 retur
466 1760 498 1814 ct
525 1771 640 1837 specus
674 1750 783 1814 hostes
811 1749 967 1816 fodiendo
995 1752 1176 1834 cogitarent
1209 1752 1278 1814 sine
1306 1753 1541 1838 suspicionem
1644 1756 1648 1759 “

347 1854 434 1915 intra
448 1852 576 1917 moenia
598 1860 779 1937 penetrare,
803 1851 838 1915 id
853 1860 962 1916 autem
977 1874 997 1915 a
1012 1852 1272 1938 speculatoribus
1288 1863 1375 1917 esset
1389 1851 1489 1939 Apol·
1520 1880 1532 1904 ι

348 1952 526 2019 loniatibus
555 1954 794 2036 renuntiatum,
829 1954 1011 2039 perturbati
1038 1957 1153 2019 nuntio
1181 1964 1315 2041 propter
1340 1956 1490 2019 timorem

349 2053 494 2120 consiliis
521 2054 705 2139 indigentes
733 2056 851 2120 animis
879 2055 1076 2121 deficiebant
1082 2105 1092 2138 ‚
1121 2057 1208 2142 quod
1235 2078 1340 2142 neque
1362 2066 1490 2143 tempus

348 2179 455 2243 neque
483 2159 612 2221 ‘certum
645 2156 752 2223 locum
785 2160 870 2222 scire
900 2167 1050 2246 poterant
1083 2180 1145 2243 quo
1179 2179 1338 2220 emersum
1372 2158 1490 2221 facturi

300 2272 331 2321 10
350 2258 490 2322 fuissent
518 2257 637 2324 hostes.
682 2268 751 2323 tum
774 2280 852 2324 vero
880 2258 1015 2345 Trypho
1037 2258 1281 2323 Alexandrinus
1305 2258 1353 2321 ibi
1381 2257 1488 2323 fuerat
1509 2269 1541 2317 15

348 2360 557 2424 architectus.
595 2362 622 2425 is
645 2362 731 2425 intra
752 2383 879 2425 murum
907 2358 1017 2447 plures
1040 2381 1155 2446 specus
1179 2360 1366 2443 designavit
1388 2368 1420 2423 et
1441 2359 1487 2423 fo·

349 2460 469 2527 diendo
497 2470 617 2526 terram
645 2462 915 2549 progrediebatur
938 2470 1031 2524 extra
1052 2483 1180 2525 murum
1202 2461 1374 2525 dumtaxat
1396 2469 1490 2525 extra

349 2565 489 2649 sagittae
511 2566 718 2629 emissionem
741 2573 773 2629 et
794 2566 830 2629 in
852 2563 1002 2630 omnibus
1018 2584 1098 2627 vasa
1117 2584 1219 2626 aenea
1234 2563 1415 2650 suspendit.
1448 2584 1490 2627 ex

348 2664 400 2729 his
427 2667 463 2729 in
489 2687 555 2730 una
587 2665 715 2731 fossura
743 2686 825 2754 quae
847 2671 960 2729 contra
982 2664 1125 2729 hostium
1147 2686 1261 2750 specus
1283 2664 1390 2729 fuerat
1411 2686 1491 2728 vasa

349 2767 525 2854 pendentia
546 2768 589 2831 ad
611 2767 724 2855 plagas
747 2768 1017 2832 ferramentorum
1039 2788 1154 2833 sonare
1170 2776 1357 2854 coeperunt.
1385 2768 1432 2832 ita
1447 2788 1489 2832 ex
1507 2777 1541 2828 10

350 2892 387 2935 eo
403 2869 604 2934 intellectum
627 2880 676 2935 est
692 2893 755 2957 qua
769 2872 903 2956 regione
919 2869 1100 2934 adversarii
1124 2892 1240 2956 specus
1254 2879 1388 2956 agentes
1404 2872 1491 2935 intra

349 2962 520 3058 penetrar'e
547 2972 747 3056 cogitabant.
792 2974 841 3036 sic
867 2970 1043 3037 lineatione
1066 2973 1198 3056 cognita
1219 2973 1415 3060 temperavit
1436 2994 1490 3036 ae-

348 3095 410 3136 nea
431 3095 534 3160 aquae
557 3072 715 3137 ferventis
738 3083 769 3138 et
784 3075 866 3161 picis
883 3073 925 3138 de
941 3094 1081 3160 superno
1097 3083 1210 3138 contra
1225 3076 1333 3161 capita
1347 3073 1491 3139 hostium

349 3183 381 3237 et
403 3176 554 3240 stercoris
577 3175 709 3239 humani
732 3184 763 3240 et
784 3175 925 3240 harenae
947 3185 1058 3240 coctae
1073 3167 1257 3239 candentis.¹
1293 3176 1370 3239 dein
1391 3184 1491 3239 noctu

349 3277 496 3361 pertudit
519 3275 633 3341 crebra
655 3277 815 3342 foramina
837 3286 869 3342 et
890 3299 948 3364 per
971 3299 1009 3341 ea
1030 3286 1164 3363 repente
1186 3276 1412 3364 perfundendo
1435 3276 1491 3362 qui
1508 3287 1542 3336 25

220 3445 226 3459 ‚
298 3391 330 3438 11
349 3377 384 3440 in
412 3399 449 3442 eo
478 3401 575 3465 opere
607 3379 738 3444 fuerunt
769 3381 878 3446 hostes
911 3401 1022 3443 omnes
1051 3381 1193 3444 necavit.
1237 3380 1315 3443 item
1342 3377 1491 3443 Massilia

350 3497 424 3538 cum
445 3490 688 3564 oppugnaretur
710 3490 742 3545 et
763 3503 897 3546 numero
920 3504 1019 3569 supra
1033 3499 1108 3546 xxx
1123 3501 1239 3567 specus
1255 3490 1325 3546 tum
1344 3488 1489 3565 agerent,

416 3629 515 3679 401111
532 3636 588 3687 eat:
611 3635 651 3683 hii
668 3636 698 3683 H
715 3632 808 3698 (thj,
825 3639 856 3686 hi
872 3637 921 3687 ΕΗ
940 3635 994 3704 (le).
1018 3635 1030 3704 11
1057 3639 1073 3688 5
1091 3643 1289 3703 progesserunt
1312 3637 1404 3687 E06H
1428 3636 1490 3700 (ch),

351 3720 543 3776 -gresserunt
561 3724 620 3766 ante
632 3733 686 3770 ras.
697 3719 721 3768 Ε
735 3719 786 3781 (LI,
798 3724 846 3770 sed
855 3725 878 3772 Η
889 3737 970 3786 supra
981 3725 1086 3787 scripsit
1103 3724 1165 3772 iecc
1177 3724 1206 3772 id
1216 3728 1255 3771 est
1266 3721 1464 3786 proiecerunt).
1476 3718 1488 3784 11

350 3800 364 3847 7
385 3797 478 3847 fuerat
496 3798 545 3852 L⁶:
564 3806 662 3852 -rsnt
679 3803 758 3853 ΕΗΗ
775 3803 809 3866 (lo
826 3812 851 3854 et
869 3813 928 3854 ante
946 3822 1014 3859 corr.
1033 3807 1079 3866 L).
1102 3802 1115 3870 11
1137 3808 1153 3855 8
1171 3805 1309 3856 malleolis
1320 3805 1353 3854 H
1367 3804 1488 3868 (occup

349 3881 495 3932 malleonis
513 3885 539 3934 Ε
557 3893 583 3935 et
599 3892 658 3935 ante
676 3902 744 3940 corr.
765 3887 793 3942 Η.
818 3885 830 3954 11
850 3891 866 3939 9
885 3890 1045 3954 appollonia
1062 3891 1092 3938 H
1109 3888 1180 3951 (Le).
1202 3885 1214 3955 11
1240 3891 1271 3938 10
1289 3888 1448 3951 suscipione
1466 3889 1490 3936 L

350 3966 409 4030 (sed
424 3983 504 4032 snpra
522 3970 560 4019 Lc
578 3969 751 4037 suspitione).
773 3968 785 4036 11
811 3974 842 4020 11
860 3974 958 4022 nuntio
976 3975 1005 4022 H
1017 3971 1099 4036 (Llc):
1119 3973 1210 4022 nuntii
1227 3972 1283 4024 ΕΗ.
1307 3968 1319 4037 11
1343 3973 1374 4020 15
1387 3974 1443 4019 tum
1461 3970 1491 4019 H

349 4051 433 4116 (Llc):
464 4057 529 4102 tunc
550 4056 608 4105 ΕΗ.
633 4051 646 4121 11
674 4057 704 4104 16
723 4054 892 4106 architectus
913 4058 988 4106 intra
1012 4057 1092 4107 ΕΗΗ
1116 4054 1152 4119 (13
1174 4054 1284 4119 addidi).
1306 4052 1318 4121 11
1346 4055 1490 4120 plurespe-

350 4151 399 4186 cus
418 4143 476 4186 ante
495 4153 564 4190 corr.
582 4139 614 4188 H
629 4138 732 4205 (plnres
744 4155 829 4205 pecus
847 4146 906 4189 ante
924 4155 993 4191 corr.
1006 4140 1050 4204 L).
1066 4137 1079 4207 11
1095 4157 1207 4207 specus:
1227 4141 1330 4205 speties
1347 4149 1406 4190 ante
1419 4155 1488 4190 corr.

349 4217 455 4284 (—cus)
470 4224 498 4281 Η,
512 4224 621 4288 species
634 4224 668 4277 Ε.
685 4219 697 4290 11
715 4225 746 4273 18
757 4224 861 4292 sagitte
874 4225 1047 4275 emissionem
1059 4226 1109 4277 ΕΗ
1121 4224 1180 4290 (L):
1199 4226 1304 4291 sagitta
1316 4224 1490 4274 emissionem

267 4347 272 4355 .
348 4306 380 4354 H
396 4303 423 4367 (l,
442 4306 726 4373 sagittaemslsionem
739 4324 761 4367 c,
780 4309 903 4374 sagittae
916 4309 1073 4377 m'ysionem
1085 4310 1121 4373 t).
1138 4306 1150 4376 11
1171 4312 1204 4360 10
1221 4304 1412 4373 ferramenlrr‘r
1426 4308 1455 4358 Η.
1476 4304 1489 4372 11

349 4389 546 4442 221iniatione
564 4392 642 4442 EGH
661 4390 740 4457 (aroc,
759 4395 808 4444 sed
818 4401 877 4444 ante
890 4411 958 4446 corr.
977 4411 991 4444 c
1007 4394 1185 4458 linitatione).
1207 4391 1220 4462 11
1241 4393 1406 4459 temperavit
1426 4391 1489 4443 EG:

349 4473 512 4538 temperer&
535 4478 563 4525 H
585 4477 630 4540 (le,
652 4479 729 4526 -ret
747 4477 790 4539 L).
817 4474 829 4545 11
858 4482 891 4529 13
915 4480 949 4530 de
967 4495 1085 4544 superno
1104 4481 1263 4530 Laclunann:
1291 4479 1414 4542 desupna
1435 4476 1489 4533 EG,

351 4555 506 4622 desuplnae
524 4561 556 4610 H
571 4560 647 4626 (Len,
666 4564 770 4626 -1191,
790 4579 858 4613 —ne
870 4563 927 4627 La),
948 4560 960 4629 11
982 4567 1015 4615 25
1033 4564 1144 4614 crebra:
1165 4564 1260 4614 erebra
1279 4559 1289 4625 (
1307 4562 1385 4626 ')H.
1401 4559 1413 4628 11
1428 4562 1489 4626 pfu-

349 4640 438 4693 dendo
456 4644 481 4692 E
504 4652 529 4694 et
551 4653 610 4696 ante
632 4661 701 4696 corr.
726 4644 766 4710 (n)
791 4647 820 4696 Η.
843 4645 855 4714 11
883 4651 915 4698 17
933 4663 1031 4714 specus
1048 4653 1104 4705 tun
1123 4650 1195 4707 loos
1220 4647 1391 4714 speculatum
1414 4647 1489 4712 (-tu

349 4725 409 4797 Ee>
428 4727 509 4778 sen
524 4725 591 4800 (aa,
609 4730 752 4805 speculas
771 4731 825 4796 oc).
1238 4719 1240 4721 ’
