3784 5625
670 662 717 709 on
740 660 1008 709 sncnnncruna
1031 662 1100 709 nn.
1123 663 1198 708 vm.
1442 646 1505 709 189

364 823 396 888 ct
411 814 600 878 fluminibus
617 821 649 877 et
663 813 838 900 paludibus
861 824 893 879 et
907 813 1024 901 pelago
1040 836 1113 877 cum
1127 821 1240 900 tepore
1255 813 1332 876 solis
1348 812 1504 897 colligun-

362 927 417 980 tur
446 925 478 979 et
507 915 743 980 exhauriuntur
771 926 803 979 et
830 918 876 980 ita
905 915 1063 981 tolluntur
1090 917 1125 979 in
1154 914 1362 978 altitudinem
1389 916 1504 997 nubes,

364 1016 482 1081 deinde
504 1026 572 1081 tum
595 1018 680 1081 aeris
702 1016 791 1081 unda
812 1019 970 1101 nitentes,
994 1039 1067 1081 cum
1088 1025 1282 1103 perventum
1302 1016 1346 1079 ad
1367 1025 1503 1098 montcS,

363 1120 405 1184 ab
428 1134 539 1183 eorum
561 1118 683 1188 offensa
706 1126 737 1183 et
759 1118 910 1206 procellis
932 1128 1067 1206 propter
1088 1118 1278 1204 plenitatem
1300 1127 1333 1181 et
1359 1119 1504 1203 gravita-

363 1230 430 1285 tem
451 1220 661 1307 liquescendo
684 1220 916 1307 disparguntur
937 1230 971 1284 et
998 1221 1046 1283 ita
1074 1219 1301 1284 diffunduntur
1329 1220 1365 1283 in
1390 1227 1504 1283 terras.
1524 1234 1540 1282 5

329 1342 345 1389 3
448 1322 612 1408 Vaporem
639 1330 748 1386 autem
786 1330 818 1386 et
845 1320 981 1386 nebulas
1009 1329 1042 1385 et
1074 1342 1202 1385 umores
1231 1343 1274 1385 ex
1299 1330 1388 1384 terra
1414 1321 1506 1384 nasci

363 1423 443 1487 haec
472 1424 604 1488 videtur
630 1422 759 1486 efficere
780 1425 880 1505 ratio,
909 1422 995 1510 quod
1024 1445 1062 1486 ea
1090 1423 1190 1505 babet
1216 1424 1251 1487 in
1272 1444 1307 1486 se
1329 1431 1361 1485 et
1383 1422 1505 1486 calores

363 1524 509 1588 fervidos
533 1534 565 1589 et
593 1524 727 1610 spiritus
755 1526 902 1589 inmanes
930 1523 1259 1611 refrigerationesque
1287 1533 1319 1588 et
1347 1543 1505 1610 aquarum

363 1648 514 1711 magnam
540 1625 794 1690 multitudinem.
846 1648 888 1690 ex
916 1648 954 1691 co
981 1649 1055 1690 cum
1078 1626 1310 1710 refrigeratum
1336 1623 1506 1698 noctusol

363 1726 480 1791 oriens
493 1729 618 1814 impetu
639 1728 747 1811 tangit
770 1728 880 1791 orbem
902 1735 1009 1791 terrae
1031 1737 1063 1791 et
1085 1736 1256 1793 ventorum
1278 1728 1373 1791 flatus
1397 1728 1504 1791 oriun-
1525 1745 1555 1791 10

363 1829 422 1894 dos
445 1851 503 1915 per
525 1828 693 1911 tenebras,
715 1828 758 1892 ab
779 1828 898 1893 umidis
920 1827 1001 1893 locis
1017 1829 1227 1914 egrediuntur
1248 1830 1283 1891 in
1296 1828 1504 1893 altitudinem

363 1931 476 1995 nubes.
526 1951 583 1993 aer
610 1938 719 1993 autem
746 1931 832 2017 quod
860 1952 880 1993 a
907 1929 974 1994 sole
1001 1931 1236 2017 percalefactus
1263 1930 1504 1995 versationibus

328 2032 448 2098 ttollit
476 2054 517 2096 ex
545 2041 633 2111 terra
654 2053 799 2115 umores,
828 2032 905 2096 licet
931 2054 975 2096 ex
996 2032 1138 2097 balineis
1166 2031 1351 2118 exemplum
1379 2053 1503 2118 capere.

363 2133 468 2198 nullos
492 2134 578 2196 enim
601 2154 747 2197 camerae
771 2141 944 2219 quaesunt
966 2134 1183 2199 caldariorum
1198 2157 1297 2220 supra
1312 2155 1347 2197 se
1367 2142 1504 2219 possunt

362 2236 482 2300 habere
509 2234 633 2317 fontes,
667 2235 726 2298 sed
745 2234 879 2315 caelum
902 2234 989 2320 quod
1018 2246 1066 2299 est
1093 2235 1141 2298 ibi
1169 2256 1210 2298 ex
1237 2234 1435 2320 praefurniis
1461 2232 1503 2296 ab
1523 2253 1554 2299 15

363 2339 451 2422 ignis
474 2358 596 2424 vapore
617 2335 869 2422 percalefactum
892 2337 1027 2422 corripit
1050 2357 1092 2400 ex
1113 2337 1309 2422 pavimentis
1332 2356 1450 2421 aquam
1472 2329 1529 2397 et'

362 2439 470 2503 aufert
491 2460 601 2503 secum
622 2439 657 2501 in
672 2459 873 2501 camerarum
889 2447 1079 2501 curvaturas
1101 2445 1133 2500 et
1155 2437 1304 2519 sustinet,
1327 2435 1402 2499 ideo
1417 2436 1504 2522 quod

363 2561 490 2626 semper
511 2562 614 2627 vapor
636 2538 759 2603 calidus
782 2539 817 2602 in
837 2537 1045 2602 altitudinem
1060 2560 1095 2601 se
1116 2536 1230 2601 trudit.
1267 2547 1298 2601 et
1320 2539 1424 2623 primo
1439 2560 1504 2601 non

362 2643 502 2707 remittit
523 2651 656 2729 propter
677 2640 888 2723 brevitatem,
918 2639 1015 2703 simul
1036 2650 1144 2704 autem
1166 2638 1240 2725 plus
1262 2639 1382 2703 umoris
1405 2638 1504 2703 habet

363 2752 563 2830 congestum,
585 2765 650 2808 non
672 2751 780 2830 potest
795 2743 956 2806 sustinere
977 2751 1110 2830 propter
1124 2742 1330 2828 gravitatem,
1353 2740 1411 2804 sed
1434 2739 1503 2804 stit
1521 2759 1554 2807 20

362 2847 409 2911 lat
430 2868 529 2934 supra
550 2845 731 2909 lavantium
754 2847 871 2931 capita.
914 2846 993 2909 item
1009 2845 1121 2908 eadem
1142 2847 1268 2908 ratione
1283 2843 1433 2908 caelestis
1447 2866 1504 2906 aer

363 2971 437 3013 cum
461 2948 502 3013 ab
530 2946 598 3012 sole
625 2948 765 3034 percipit
792 2945 946 3032 calorem,
977 2970 1020 3012 ex
1041 2947 1191 3010 omnibus
1218 2945 1297 3011 locis
1324 2945 1503 3010 hauriendo

362 3050 449 3115 tollit
470 3070 599 3114 umores
615 3059 648 3113 et
670 3059 847 3136 congregat
867 3049 911 3113 ad
932 3049 1047 3115 nubes.
1090 3050 1146 3113 ita·
1160 3049 1246 3112 enim
1267 3057 1354 3112 terra
1375 3049 1503 3112 fervore

363 3242 590 3251 μ*-

347 3415 353 3420 ,
431 3363 444 3410 1
464 3365 493 3410 et
510 3359 667 3409 fluminibus
685 3360 740 3412 ed:
758 3373 791 3408 ex
808 3344 965 3408 fluminibus
983 3358 1069 3410 EGH.
1086 3355 1099 3425 11
1115 3355 1199 3422 (c)um
1217 3358 1243 3406 E
1261 3356 1341 3420 (ubic
1357 3359 1384 3408 iu
1401 3357 1474 3420 raa).
1489 3355 1500 3423 11

362 3449 467 3510 taepore
481 3444 506 3494 Ε
512 3460 518 3493 :
537 3448 661 3508 tempore
675 3443 729 3493 GH
744 3440 789 3505 (Li
800 3449 825 3493 et
841 3431 900 3493 ante
918 3460 987 3495 corr.
1001 3460 1023 3503 c,
1042 3449 1138 3510 tepore
1151 3442 1214 3508 c0t).
1231 3439 1244 3510 11
1259 3443 1394 3508 colligunt
1411 3447 1439 3492 et
1457 3459 1503 3492 ex-

362 3530 492 3579 hauriunt
504 3527 661 3592 (exauriunt
672 3527 714 3593 H)
730 3532 757 3577 et
774 3528 816 3578 ita
833 3527 934 3579 tollunt
951 3529 1030 3580 EGH
1038 3527 1151 3594 (passiva
1167 3530 1279 3578 restituit
1295 3528 1374 3591 Joc.).
1390 3524 1403 3594 ss
1417 3530 1503 3577 3tu1n

362 3630 424 3679 epo:
437 3629 496 3664 cum
509 3614 596 3666 EGH.
614 3607 626 3678 11
641 3627 700 3661 cum
712 3617 887 3676 perventum:
900 3615 937 3663 sic
949 3613 1035 3664 EGH.
1056 3609 1068 3680 11
1082 3613 1248 3678 4procellas
1259 3621 1396 3663 antecorr.
1405 3613 1442 3664 H.
1459 3609 1471 3678 11
1488 3616 1504 3663 5

363 3699 558 3764 disperguntur
570 3699 626 3747 ed.:
645 3697 808 3762 dispargunt
819 3698 900 3748 EGH
910 3697 1083 3764 (dispergunt
1096 3698 1131 3747 ΕΘ
1138 3705 1165 3747 et
1175 3714 1228 3747 curn
1240 3714 1293 3748 rue.
1302 3713 1383 3761 supra
1394 3702 1406 3745 t
1417 3697 1476 3760 Ec).
1489 3693 1500 3762 11

364 3781 552 3832 diffunduntur
569 3783 641 3832 Joc.:
661 3781 822 3832 diffunditur
839 3782 924 3832 EGH.
948 3779 959 3848 11
982 3785 997 3832 7
1016 3783 1045 3832 in
1063 3797 1093 3831 se
1106 3781 1211 3832 calores
1229 3783 1289 3844 (om.
1302 3781 1340 3845 et)
1358 3781 1383 3829 Ε
1401 3787 1426 3829 et
1443 3786 1503 3830 aute

362 3862 441 3917 corr(
452 3866 482 3916 G.
506 3863 518 3933 11
542 3869 575 3917 10
592 3865 720 3916 oriundos
738 3881 797 3930 eqo:
816 3866 945 3917 oriundus
963 3867 1001 3926 E,
1020 3867 1145 3916 oriuntur
1164 3866 1191 3913 H
1208 3871 1234 3913 et
1251 3861 1335 3929 (—t²)
1356 3863 1377 3914 Ε
1395 3863 1473 3927 (Llc).
1488 3861 1499 3928 11

365 3953 395 4000 11
414 3950 544 4001 tenebras
563 3950 611 4000 ab:
629 3952 668 4000 sie
684 3949 771 4004 ΕΕΗ.
791 3947 804 4016 11
828 3952 859 4000 12
877 3950 965 4000 nubes
982 3951 1011 3999 H
1029 3948 1113 4014 (Llc):
1137 3948 1218 3998 nubis
1240 3948 1298 3998 EG.
1322 3944 1335 4012 11
1362 3946 1433 4010 quod
1454 3962 1502 4010 epo

365 4033 480 4100 (inaperta
496 4033 682 4101 sequentibuslt
711 4051 771 4085 cnm
789 4035 875 4086 EGH.
904 4032 916 4101 ll
942 4033 1150 4100 percalefactus
1170 4032 1196 4080 E
1218 4029 1501 4096 (Ll‚.percalefectus

363 4119 416 4182 elil:
435 4119 657 4185 percalcefactus
677 4119 736 4172 GH.
760 4115 773 4186 11
793 4119 996 4170 versationibus
1014 4134 1074 4183 epo:
1093 4114 1308 4166 cumrationibns
1326 4114 1411 4166 EGH.
1433 4108 1447 4180 11
1470 4116 1501 4164 13
1549 4141 1552 4144 >

363 4203 438 4253 tollit
456 4220 491 4254 ex
508 4207 596 4254 terra:
614 4205 652 4254 sie
669 4203 756 4256 ΕΕΗ.
778 4201 792 4271 11
814 4203 933 4254 balineis
956 4202 1037 4252 EGH
1056 4200 1088 4265 (l,
1111 4200 1219 4251 balneis
1239 4197 1333 4264 octe).
1357 4192 1369 4263 11
1392 4198 1500 4247 1411111-

363 4288 405 4339 los
422 4304 484 4353 epo:
501 4286 601 4338 Nullae
621 4286 769 4354 1-19ΕΕ)
787 4287 874 4341 ΕΕΗ.
895 4283 908 4353 11
933 4288 965 4336 15
983 4279 1266 4336 1ὺ1εά.;111)ἰΕ’ίιἨ.
1286 4279 1298 4349 11
1321 4284 1353 4332 16
1370 4281 1500 4346 persalse

364 4374 470 4424 facturn
488 4380 547 4424 unte
565 4389 633 4423 corr.
655 4373 676 4422 G
694 4371 756 4435 (nou
772 4372 829 4422 ΕΗ
833 4371 852 4436 1.
867 4366 880 4438 11
899 4373 929 4421 17
949 4384 1120 4419 camararum
1137 4368 1215 4418 EGH
1233 4367 1291 4433 (sed
1305 4383 1385 4431 supra
1403 4369 1437 4416 14
1455 4383 1501 4417 ca·

363 4456 477 4522 merae).
498 4455 511 4523 11
536 4459 567 4509 18
584 4473 672 4523 pavor
688 4456 721 4505 E.
742 4453 755 4523 11
780 4455 898 4506 callidus
910 4463 970 4505 aute
981 4469 1035 4503 ras.
1047 4453 1081 4503 E.
1104 4450 1117 4519 11
1140 4455 1172 4503 19
1184 4452 1312 4502 remittit:
1330 4454 1368 4501 sic
1384 4451 1469 4504 EGH.
1485 4450 1498 4519 11

363 4544 397 4591 211
414 4543 565 4591 sustinere:
582 4545 620 4592 stc
631 4541 717 4592 EGH.
734 4537 747 4606 11
762 4543 793 4589 21
806 4555 876 4605 supa
893 4545 953 4588 ante
970 4554 1038 4588 corr.
1051 4537 1088 4590 H.
1106 4534 1119 4603 11
1138 4537 1206 4586 item
1227 4538 1282 4589 ed.:
1304 4536 1376 4585 idem
1388 4536 1474 4587 EGH.
1486 4533 1498 4602 11

292 4614 298 4625 ’
363 4629 396 4675 22
415 4626 510 4677 absole
529 4626 607 4677 ΕΕΗ
630 4625 677 4687 (L,
697 4624 824 4675 absolute
842 4627 852 4673 l
868 4632 893 4674 et
908 4625 950 4682 bc,
969 4622 1095 4689 obsolute
1113 4639 1127 4672 c
1144 4630 1170 4672 et
1187 4629 1246 4672 ante
1258 4637 1327 4672 corr.
1346 4621 1383 4682 Ιι).
1407 4617 1419 4690 11
1441 4636 1500 4688 pcr-

364 4710 433 4778 cipit
450 4710 499 4761 ΕΕ
517 4709 574 4778 (lc):
594 4711 719 4780 percepit
737 4710 768 4760 H
782 4706 874 4776 (oct).
897 4705 911 4777 11
932 4710 966 4761 23
984 4711 1153 4776 congregata
1169 4715 1229 4760 aute
1246 4723 1300 4768 ras,
1320 4707 1350 4762 6.
