3784 5625
633 671 680 717 na
704 667 973 717 ARCHITECTURA
998 670 1065 717 nm.
1081 669 1156 715 v111.
1402 653 1466 717 209

323 843 383 887 nes
407 832 439 887 et
467 831 597 888 ventres
621 833 652 886 et
675 844 850 910 expressus
878 823 939 886 hac
960 824 1086 886 ratione
1113 830 1249 907 possunt
1276 821 1364 904 fieri,
1392 844 1466 885 cum

291 924 492 993 rhabebunt
519 947 539 988 a
567 925 730 1011 capitibus
758 924 800 988 ad
828 926 955 989 moenia
980 924 1106 1008 fastigii
1135 922 1338 994 libramenta.
1388 926 1466 988 item

324 1027 412 1091 inter
431 1035 524 1091 actus
548 1024 704 1090 ducentos
727 1049 792 1090 non
814 1036 864 1091 est
886 1025 1002 1090 inutile
1025 1024 1157 1089 castella
1179 1024 1357 1107 conlocari,
1380 1036 1416 1089 ut
1439 1027 1468 1089 si

325 1129 456 1215 quando
479 1128 597 1193 vitium
617 1126 719 1214 aliqui
740 1127 830 1192 locus
853 1127 979 1209 fecerit,
1002 1150 1067 1191 non
1088 1135 1192 1192 totum
1207 1149 1365 1213 omneque
1385 1148 1466 1213 opus

327 1230 546 1295 contundatur
568 1239 600 1294 et
622 1229 790 1316 inquibus
812 1228 892 1293 locis
908 1230 952 1293 sit
974 1228 1096 1292 lactum
1117 1228 1247 1292 facilius
1269 1230 1465 1311 inveniatur,
1485 1242 1501 1291 5

327 1330 386 1396 sed
414 1353 452 1395 ea
479 1328 613 1395 castella
640 1352 746 1416 neque
773 1333 809 1395 in
831 1331 969 1395 decursu
990 1352 1094 1417 neque
1121 1331 1156 1394 in
1178 1332 1302 1394 ventris
1330 1330 1468 1417 planitia

323 1455 429 1519 neque
457 1433 492 1496 in
519 1432 785 1518 expressionibus
812 1424 917 1517 neque
945 1434 1076 1497 omnino
1108 1432 1143 1495 in
1170 1430 1312 1496 vallibus
1341 1432 1400 1496 sed
1432 1433 1467 1495 in

294 1521 304 1534 ’
324 1544 482 1621 perpetua
502 1534 708 1619 aequalitate.

288 1657 306 1706 8
411 1636 470 1702 sin
491 1646 600 1700 autem
616 1637 740 1700 minore
755 1647 887 1723 sumptu
902 1636 1112 1718 voluerimus,
1135 1636 1183 1700 sic
1199 1647 1248 1700 est
1270 1635 1465 1701 faciendum.

325 1736 433 1802 tubuli
462 1759 571 1803 crasso
600 1739 686 1803 corio
716 1761 757 1801 ne
784 1740 892 1802 minus
921 1738 1059 1802 duorum
1087 1738 1264 1823 digitorum
1285 1739 1381 1820 fiant,
1411 1739 1467 1802 sed
1488 1753 1519 1801 to

324 1840 374 1902 uti
401 1837 436 1901 hi
463 1838 570 1903 tubuli
594 1861 636 1903 ex
657 1862 722 1904 una
749 1850 841 1925 parte
864 1842 930 1904 sint
952 1838 1118 1924 lingulati,
1147 1848 1184 1903 ut
1205 1838 1288 1903 alius
1311 1841 1346 1902 in
1368 1840 1468 1904 alium

325 1940 410 2003 inire
438 1937 677 2028 convenireque
705 1942 841 2028 possint.
892 1949 1084 2026 coagmenta
1111 1950 1219 2004 autem
1248 1963 1358 2005 eorum
1380 1940 1468 2005 calce

325 2043 405 2105 viva
435 2063 477 2105 ex
498 2040 568 2107 oleo
592 2044 727 2108 subacta
749 2052 824 2108 sunt
852 2034 1049 2126 inlinienda,
1079 2052 1111 2106 et
1138 2044 1173 2107 in
1196 2041 1468 2107 declinationibus

325 2142 515 2207 libramenti
537 2146 660 2209 ventris
688 2144 770 2231 lapis
803 2154 852 2209 est
876 2169 918 2209 ex
939 2168 1020 2210 saxo
1042 2144 1141 2208 rubro
1171 2144 1298 2231 inipso
1320 2144 1468 2229 geniculo

326 2237 543 2309 conlocandus
566 2246 659 2331 isque
681 2247 935 2333 perterebratus,
958 2249 1007 2311 uti
1031 2268 1071 2309 ex
1095 2246 1235 2310 decursu
1257 2245 1389 2310 tubulus
1413 2268 1467 2310 no·
1491 2262 1519 2308 15

326 2347 481 2411 sissimus
503 2347 538 2409 in
559 2346 669 2433 lapide
691 2357 934 2433 coagmentetur
950 2358 981 2411 et
1003 2348 1126 2435 primus
1146 2334 1243 2411 etiam
1265 2346 1375 2411 librati
1391 2369 1468 2410 ven-

326 2448 405 2529 tris,
433 2447 476 2511 ad
499 2448 638 2512 eundem
660 2448 791 2514 modum
814 2449 973 2512 adversus
1001 2448 1124 2512 clivum
1146 2457 1178 2512 et
1204 2450 1403 2526 novissimus
1430 2448 1468 2512 li-

327 2549 416 2614 brati
437 2551 561 2613 ventris
584 2551 619 2613 in
635 2572 714 2614 cavo
731 2554 804 2615 saxi
825 2551 916 2615 rubri
938 2550 1070 2614 haereat
1092 2560 1124 2615 et
1146 2551 1269 2638 primus
1286 2552 1468 2638 expressio-

285 2652 379 2724 9nis
413 2650 456 2714 ad
491 2651 628 2715 eundem
661 2653 793 2717 modum
826 2661 1080 2737 coagmentetur.
1135 2654 1181 2716 ita
1214 2650 1333 2716 librata
1365 2652 1468 2740 plani·

326 2753 375 2818 tia
401 2752 588 2819 tubulorum
615 2754 656 2817 ad
685 2754 839 2818 decursus
869 2764 901 2818 et
934 2755 1158 2841 expressiones
1187 2777 1251 2819 non
1285 2753 1467 2819 extolletur.
1487 2770 1520 2816 ao

326 2876 467 2942 namque
489 2855 662 2920 vehemens
685 2857 818 2943 spiritus
841 2858 875 2919 in
897 2878 1000 2942 aquae
1023 2855 1174 2919 ductione
1196 2854 1278 2919 solet
1299 2856 1400 2936 nasci,
1423 2857 1469 2919 ita
1513 2938 1520 2948 .

326 2966 365 3020 ut
393 2957 490 3021 etiam
518 2979 598 3022 saxa
625 2965 828 3044 perrumpat,
863 2958 927 3020 nisi
955 2958 1095 3043 primum
1123 2956 1239 3021 leniter
1266 2966 1298 3020 et
1325 2978 1422 3042 parce
1449 2978 1470 3018 a

328 3058 436 3144 capite
458 3080 542 3145 aqua
564 3061 748 3122 inmittatur
770 3068 802 3123 et
823 3060 858 3122 in
879 3057 1040 3141 geniculis
1063 3067 1119 3121 aut
1141 3058 1285 3121 versuris
1306 3054 1468 3140 alligatio-

328 3159 427 3224 nibus
449 3170 505 3224 aut
535 3160 679 3248 pondere
707 3160 842 3224 saburra
871 3161 1085 3223 contineatur.
1134 3157 1259 3243 reliqua
1287 3159 1394 3221 omnia
1419 3158 1469 3220 uti

327 3261 446 3326 fistulis
469 3261 630 3348 plumbeis
653 3263 700 3326 ita
722 3271 798 3327 sunt
820 3260 1027 3326 conlocanda.
1071 3261 1149 3324 item
1165 3281 1238 3323 cum
1259 3259 1364 3345 primo
1386 3280 1470 3344 aqua
1487 3273 1520 3319 25

328 3385 349 3426 a
364 3365 472 3449 capite
494 3365 685 3446 inmittitur,
708 3373 785 3428 ante
805 3363 920 3428 favilla
942 3363 1141 3444 inmittetur,
1164 3361 1213 3425 uti
1236 3369 1427 3444 coagmenta
1442 3361 1471 3422 si

329 3572 558 3580 ...—---..-.....-.

400 3709 413 3755 1
434 3720 579 3770 expressus
597 3707 650 3756 ed:
671 3708 799 3773 expre(ae
821 3708 855 3768 H,
875 3725 890 3773 q
910 3707 997 3770 G)ssis
1017 3706 1068 3756 GH
1086 3705 1142 3769 (LI,
1155 3706 1285 3770 ‘expressi
1302 3705 1340 3763 ct,
1360 3719 1471 3770 expres-

328 3792 423 3841 siones
442 3789 491 3852 H).
514 3785 526 3854 ll
548 3789 601 3843 hac
619 3805 640 3841 r.
659 3807 685 3856 p.
705 3791 776 3844 fieri:
795 3793 833 3842 sic
852 3792 911 3843 GH.
930 3787 943 3857 [1
963 3794 978 3840 2
998 3791 1144 3841 admoenia
1157 3789 1260 3856 (menia
1274 3789 1305 3852 G)
1326 3789 1473 3854 adtastigii

330 3875 383 3926 GH
402 3873 443 3937 (Ic,
464 3873 590 3925 amoenis
602 3874 745 3943 adiastigii
759 3875 803 3941 L).
824 3878 959 3939 repetitam
977 3875 1012 3925 ad
1030 3877 1078 3924 del.
1097 3877 1137 3928 ed.
1152 3869 1165 3940 ΙΙ
1186 3872 1318 3936 laliqni:
1336 3875 1373 3922 sic
1387 3874 1445 3923 GH.
1458 3870 1469 3945 11

328 3962 345 4010 6
358 3959 490 4024 planitia:
506 3960 546 4011 sic
559 3960 616 4010 GH.
633 3955 646 4026 ΙΙ
661 3962 677 4010 8
689 3959 757 4011 fiant
773 3969 832 4024 post
844 3964 980 4027 perpetua
993 3961 1052 4013 111111,
1063 3960 1119 4012 Joc.
1135 3955 1148 4025 ΙΙ
1163 3961 1179 4009 9
1192 3958 1358 4009 voluerimus
1371 3959 1412 4007 sic
1431 3963 1474 4007 est

329 4044 356 4106 (ἓ
381 4043 427 4107 611
448 4045 486 4093 sic
506 4044 564 4096 GH.
587 4039 600 4109 11
630 4046 661 4094 10
683 4045 797 4095 duorum
822 4045 982 4111 digitorum:
1012 4047 1050 4094 sic
1073 4045 1131 4094 GH.
1159 4039 1171 4109 ΙΙ
1200 4045 1229 4092 11
1252 4042 1392 4108 lingunati
1413 4049 1473 4092 unte

329 4143 400 4180 corr.
421 4128 456 4181 H.
476 4123 489 4193 ss
509 4130 540 4178 13
562 4127 728 4179 inlinienda:
746 4131 784 4179 sic
803 4130 853 4178 GH
871 4127 939 4191 (item
957 4131 1017 4193 epit.
1036 4135 1061 4178 et
1079 4129 1166 4189 Pau).
1190 4122 1202 4194 ll
1226 4129 1257 4176 16
1277 4128 1361 4178 etiarn
1378 4128 1472 4177 librati

330 4212 417 4263 Mna:
437 4211 568 4262 exlibrsti
588 4212 646 4262 GH.
665 4209 677 4278 [l
702 4215 730 4262 17
750 4213 892 4263 adversum
912 4212 1003 4278 (-sus
1021 4212 1104 4276 Mar.)
1124 4212 1226 4262 clivum
1245 4210 1267 4261 81
1286 4210 1421 4275 (clivate
1441 4212 1472 4273 G)

330 4297 509 4346 novissimum
529 4295 619 4360 (-mi1
639 4296 669 4360 G,
689 4296 863 4365 -musjocl
885 4298 943 4348 GH.
965 4294 977 4363 ΙΙ
1001 4297 1086 4367 librat¹
1107 4305 1166 4347 ante
1189 4313 1257 4349 corr.
1282 4297 1312 4346 G.
1335 4294 1347 4361 ΙΙ
1377 4297 1407 4344 18
1429 4312 1474 4345 ex·

331 4378 497 4446 pressioris]
517 4381 737 4445 —expressionis
755 4381 796 4431 tic
812 4397 858 4433 om.
877 4382 913 4440 L,
931 4383 980 4431 sed
996 4382 1066 4444 infra
1086 4383 1229 4446 supplendo
1252 4382 1343 4430 inserit
1364 4387 1422 4441 post
1440 4393 1474 4427 ex

332 4480 366 4515 eo
383 4483 407 4518 v.
425 4468 440 4515 6
457 4483 484 4530 p.
501 4480 556 4530 seq.
579 4461 591 4529 ΙΙ
616 4468 646 4514 19
665 4462 785 4530 planitia
808 4465 963 4516 tubulorum
987 4470 1034 4515 aut
1057 4465 1098 4530 (ut
1115 4473 1174 4516 ante
1191 4481 1259 4515 corr.
1280 4465 1312 4525 G)
1340 4461 1472 4511 decursus

331 4554 361 4600 et
378 4547 509 4615 expre(ae
522 4546 664 4612 H)ssionis
679 4550 730 4600 GH
748 4549 911 4612 (tubulorum
930 4550 966 4599 ad
986 4590 1033 4605 ...
1053 4555 1081 4600 et
1099 4550 1289 4614 expressiones
1307 4545 1398 4607 Man).
1413 4540 1425 4610 Η
1441 4547 1472 4593 21

330 4633 405 4686 solet
422 4636 474 4684 ed:
494 4633 586 4684 solent
605 4633 663 4683 GH.
688 4630 699 4700 ΙΙ
723 4636 755 4684 21
773 4650 855 4699 parce
874 4651 890 4684 a
905 4635 998 4699 capite
1018 4635 1068 4685 GH
1093 4635 1167 4696 (teet,
1191 4647 1273 4699 parce
1294 4631 1384 4695 capite
1408 4630 1475 4678 Let

330 4727 392 4770 ante
410 4734 478 4771 corr.
498 4717 526 4780 1).
549 4713 562 4782 ΙΙ
585 4719 618 4766 24
635 4718 762 4768 saburra:
781 4721 819 4771 sic
838 4719 889 4769 GH
907 4717 990 4782 (abt).

367 4817 482 4857 vrrsnv.
501 4816 537 4850 os
556 4815 670 4857 anunm,
1236 4803 1275 4862 14

214 4875 259 5015 'rjj
354 4950 370 4981 .

214 5036 236 5101 i.

214 5098 260 5193 ᾗ

214 5192 263 5249 ἐν
