3784 5625
385 642 448 705 224
875 654 1032 700 vrrnuvn
1107 722 1108 725 Ἴ
1186 712 1190 718 x

385 832 473 873 mum
496 818 641 872 centrum
663 806 815 871 habuerit
832 805 968 869 celerius
984 806 1157 892 pervagari
1180 827 1326 893 quaeque
1348 816 1531 873 extremum

386 910 497 976 orbern
512 920 602 974 rotae
617 917 764 995 peragat,
788 908 915 971 etiarnsi
930 928 1036 993 aeque
1056 905 1203 970 celeriter
1218 906 1374 992 ambulet,
1398 919 1531 996 propter

384 1012 644 1097 magnitudinem
673 1009 893 1074 circinationis
921 1008 1023 1072 multo
1051 1007 1177 1072 tardius
1203 1009 1359 1095 perficere
1388 1032 1529 1075 cursum.

386 1113 536 1177 similiter
557 1122 647 1177 astra
668 1112 808 1175 nitentia
831 1119 944 1174 contra
965 1110 1079 1173 mundi
1108 1132 1237 1174 cursum
1266 1112 1334 1175 suis
1356 1112 1530 1178 itineribus

351 1215 557 1302 operficiunt
594 1215 782 1295 circuitum,
817 1210 875 1276 sed
908 1211 991 1275 caeli
1016 1212 1202 1277 versatione
1235 1212 1529 1278 redundationibus

384 1316 572 1380 referuntur
593 1316 758 1380 cotidiana
779 1314 935 1401 temporis
959 1312 1214 1378 circumlatione.

469 1417 554 1481 Esse
568 1427 677 1481 autem
692 1416 773 1481 alias
795 1414 905 1479 stellas
926 1423 1124 1502 temperatas
1139 1415 1220 1479 alias
1236 1414 1401 1482 ferventes
1418 1419 1529 1482 etiam·
1547 1431 1573 1479 16

385 1541 448 1605 que
475 1517 613 1603 frigidas
642 1518 722 1581 haec
751 1538 822 1581 esse
850 1538 948 1581 causa
975 1517 1107 1581 videtur
1136 1517 1222 1603 qnod
1251 1519 1356 1583 omnis
1385 1520 1473 1603 ignis
1496 1522 1529 1584 in

385 1621 553 1708 superiora
575 1619 645 1684 loca
666 1619 766 1683 habet
788 1619 998 1683 scandentem
1020 1618 1192 1683 flammam.
1230 1641 1307 1705 ergo
1328 1618 1378 1685 sol
1397 1620 1529 1685 aethera

337 1738 367 1789 10
386 1724 442 1808 qui
465 1730 515 1786 est
537 1744 635 1809 supra
658 1742 692 1785 se
715 1719 816 1784 radiis
840 1741 980 1783 exurens
1003 1720 1104 1783 efficit
1126 1720 1329 1804 candentem,
1353 1725 1388 1787 in
1411 1723 1528 1811 quibus

385 1822 466 1888 locis
489 1823 588 1887 habet
611 1845 740 1886 cursum
763 1821 880 1885 Martis
904 1820 1015 1902 stella,
1045 1823 1156 1909 itaque
1183 1823 1314 1887 fervens
1343 1823 1386 1887 ab
1413 1825 1528 1890 ardore

385 1923 462 1989 solis
491 1924 641 1988 efficitur.
692 1924 823 1989 Saturni
857 1932 965 1986 autem
999 1923 1085 2009 quod
1120 1933 1169 1988 est
1203 1926 1354 2012 proxima
1383 1937 1527 1992 extremo

384 2026 505 2091 mundo
528 2027 698 2112 tangitque
728 2024 914 2109 congelatas
943 2022 1025 2088 caeli
1052 2024 1218 2109 regiones,
1247 2025 1458 2092 vehementer
1481 2038 1527 2093 est

385 2128 518 2213 frigida.
564 2151 605 2191 ex
629 2149 665 2193 eo
688 2127 778 2192 Iovis
809 2140 882 2190 cum
909 2127 994 2189 inter
1015 2129 1186 2213 utriusque
1209 2129 1450 2195 circumitiones
1472 2130 1525 2194 ha-

335 2245 365 2293 15
383 2231 459 2295 beat
488 2253 633 2312 cursum,
663 2252 682 2292 a
704 2228 952 2313 refrigeratione
981 2226 1151 2314 caloreque
1179 2251 1291 2294 earum
1312 2231 1425 2296 medio
1453 2254 1525 2297 con·

383 2332 551 2396 venientes
574 2330 926 2418 temperatissimosque
949 2329 1070 2393 babere
1092 2330 1223 2395 videtur
1245 2331 1389 2397 effectus.

467 2434 520 2496 De
548 2456 630 2498 zona
664 2451 715 2496 xn
748 2432 915 2517 signorum
949 2441 981 2494 et
1013 2441 1138 2519 septem
1170 2442 1332 2497 astrorum
1366 2436 1525 2500 contrario

383 2556 479 2623 opere
505 2558 544 2599 ac
572 2557 685 2616 cursu,
720 2535 838 2621 quibus
871 2533 1053 2598 rationibus
1084 2542 1117 2597 et
1144 2536 1285 2599 numeris
1314 2545 1483 2601 transeant
1509 2559 1524 2599 e

383 2638 487 2722 signis
509 2638 545 2701 in
567 2638 662 2722 signa
685 2647 717 2700 et
739 2636 911 2700 circuitum
940 2657 1050 2699 eorum
1073 2636 1122 2699 uti
1144 2658 1164 2699 a
1185 2638 1453 2725 praeceptoribus
1475 2660 1524 2702 ac-

331 2754 365 2803 20
383 2739 456 2825 cepi
480 2739 627 2825 exposui.
671 2760 758 2802 nuno
780 2737 820 2800 de
843 2738 1004 2800 crescenti
1025 2735 1148 2801 lumine
1169 2736 1265 2802 lunae
1287 2738 1524 2805 deminutione·

384 2862 447 2926 que
469 2842 519 2903 uti
540 2840 698 2904 traditum
721 2850 770 2903 est
791 2839 886 2904 nobis
909 2861 928 2902 a
950 2839 1128 2904 maioribus
1151 2839 1268 2904 dicam.

467 2941 608 3006 Berosus
631 2942 686 3027 qui
707 2942 749 3006 ab
773 2941 1011 3006 Chaldaeorum
1039 2942 1174 3006 civitate
1200 2943 1271 3007 sive
1298 2945 1431 3008 natione
1453 2966 1521 3031 pro·
1537 2959 1575 3030 111)

382 3066 513 3129 gressus
537 3045 572 3107 in
593 3043 677 3107 Asia
699 3044 797 3106 etiam
820 3043 1028 3131 disciplinam
1051 3041 1263 3107 Chaldaicam
1284 3046 1457 3131 patefecit,
1480 3047 1522 3109 ita

382 3157 430 3211 est
452 3145 618 3232 professus
641 3144 740 3233 pilam
764 3167 835 3209 esse
858 3167 900 3209 ex
915 3144 1052 3208 dimidia
1066 3153 1159 3232 parte
1173 3144 1379 3228 candentem,
1402 3145 1523 3234 reliqua

331 3247 501 3313 rehabere
524 3246 672 3313 caeruleo
695 3246 812 3313 colore.
857 3269 929 3312 cum
952 3256 1061 3311 autem
1084 3269 1213 3311 cursum
1236 3249 1364 3312 itineris
1388 3249 1439 3312 sui
1454 3270 1521 3335 per·

380 3372 480 3434 agens
503 3350 641 3413 subierit
668 3349 729 3413 sub
752 3350 863 3414 orbem
891 3347 986 3431 solis,
1015 3358 1094 3412 tuno
1122 3371 1193 3412 eam
1221 3350 1322 3414 radiis
1347 3360 1380 3413 et
1402 3352 1522 3437 impetu

380 3450 498 3515 caloris
527 3452 646 3537 corripi
673 3453 886 3537 convertique
914 3450 1105 3515 candentem
1133 3460 1266 3539 propter
1288 3451 1357 3515 eius
1380 3452 1521 3538 proprie·

380 3561 480 3615 tatem
502 3551 636 3615 luminis
659 3552 701 3615 ad
723 3551 841 3617 lumen.
887 3575 961 3618 curn
986 3561 1095 3616 autem
1122 3563 1258 3618 evocata
1285 3553 1328 3616 ab
1351 3552 1522 3618 solisorbi

381 3655 547 3741 superiora
570 3663 705 3739 spectet,
729 3663 807 3719 tunc
828 3654 1017 3719 inferiorem
1037 3664 1165 3740 partem
1187 3656 1256 3719 eius
1279 3654 1367 3741 quod
1384 3654 1519 3719 candens

379 3839 606 3847 ———-——-

446 3952 611 4015 2110118111
638 3949 675 3997 110
693 3947 780 3998 EGH.
804 3944 816 4014 ΙΙ
843 3949 859 3999 6
883 3947 1066 3997 circulatione
1086 3948 1148 4006 GH,
1167 3944 1392 4014 circumllatione
1414 3946 1448 3996 E.
1472 3943 1484 4012 ΙΙ
1504 3947 1519 3996 8

379 4033 416 4098 (et
435 4034 476 4099 12)
497 4032 581 4097 quod:
601 4033 667 4096 quia
684 4032 719 4082 E.
739 4030 751 4098 ΙΙ
776 4035 808 4082 10
827 4031 914 4082 efficit
934 4033 981 4083 EG
999 4031 1064 4095 (ct):
1085 4032 1180 4083 effecit
1197 4034 1229 4082 H
1244 4029 1309 4096 (LI).
1332 4028 1344 4097 ΙΙ
1369 4034 1401 4083 13
1420 4034 1519 4097 tangit·

379 4133 431 4182 que
448 4120 519 4170 dont
547 4119 638 4182 tangit
663 4116 766 4183 (cong)
793 4117 878 4167 EGH.
903 4116 914 4184 ΙΙ
939 4122 981 4167 est
1003 4133 1049 4168 om.
1070 4117 1100 4169 G.
1119 4113 1131 4183 11
1158 4119 1190 4166 14
1213 4117 1410 4175 1111101110οτ
1438 4117 1519 4167 habet

378 4203 464 4256 ΕΘΗ.
480 4199 493 4268 H
511 4205 542 4253 15
562 4218 655 4253 earum
675 4203 759 4254 Minu:
779 4215 871 4252 eorum
885 4201 972 4251 EGH.
989 4198 1001 4268 ΙΙ
1019 4204 1049 4252 17
1061 4202 1128 4251 XII:
1146 4202 1280 4254 sicEGH.
1297 4199 1310 4268 ΙΙ
1329 4204 1360 4253 18
1378 4204 1519 4252 transeunt

379 4289 472 4352 (-ant
484 4287 567 4352 Rode)
588 4288 691 4353 esignis
703 4287 759 4345 EG,
778 4291 938 4336 transeunte
956 4287 1043 4352 signis
1061 4287 1090 4335 H
1102 4286 1155 4349 (Ll,
1174 4291 1327 4347 transeunt¹
1338 4287 1428 4353 signis
1439 4286 1488 4352 01).
1502 4282 1515 4350 ll

379 4376 411 4424 19
429 4375 457 4422 in
477 4373 571 4438 signa:
591 4368 839 4438 11118111101122
858 4373 893 4422 ab
913 4368 1049 4434 011111011-
1058 4370 1243 4436 EG)deorum:
1261 4375 1299 4421 110
1317 4371 1404 4421 EGH.
1421 4367 1519 4438 1111101

377 4461 414 4508 110
433 4458 519 4508 EGH.
540 4454 552 4522 11
575 4460 607 4509 23
627 4458 688 4508 asia
706 4458 735 4506 H
753 4457 836 4522 (Llc):
855 4457 942 4507 asiam
962 4457 1018 4506 EG.
1035 4452 1047 4522 ΙΙ
1065 4455 1256 4506 chaldaeicam
1273 4457 1302 4505 H
1320 4453 1364 4520 (L,
1381 4456 1518 4507 -deicsm

377 4540 419 4606 10),
439 4541 590 4592 caldeicam
612 4543 668 4594 EG.
686 4539 698 4608 ΙΙ
713 4544 746 4592 26
765 4543 881 4593 subierit
893 4541 985 4593 Satn:
1004 4541 1110 4592 subiret
1128 4540 1215 4595 EGH.
1231 4537 1244 4605 ΙΙ
1259 4542 1292 4591 28
1310 4546 1430 4591 evocata
1450 4540 1516 4590 loa:

377 4643 410 4676 ea
429 4630 527 4676 vocata
540 4626 625 4677 EGH.
642 4623 654 4693 11
671 4628 706 4676 ab
725 4626 791 4677 solis
809 4628 869 4678 orbi
886 4643 932 4691 090
952 4626 998 4691 (cf.
1012 4628 1082 4677 Neue
1094 4625 1117 4686 I,
1130 4626 1205 4688 225):
1225 4626 1261 4686 ad
1278 4625 1346 4676 solis
1358 4625 1433 4676 orbis
1444 4623 1519 4676 EGH

377 4707 469 4774 (orbes
486 4726 549 4768 rec„
563 4712 653 4761 orbem
673 4711 770 4777 Scin).
787 4708 799 4778 ΙΙ
815 4715 848 4762 29
867 4717 976 4778 spectet
993 4713 1048 4764 ed:
1068 4717 1194 4778 spectent
1210 4711 1298 4762 EGH.
1315 4709 1328 4778 ΙΙ
1344 4712 1433 4776 eiusq=
1452 4710 1484 4762 Ε.
