3784 5625
679 683 725 733 oa
748 684 1013 734 ancmmcruan
1040 685 1106 736 ma.
1130 685 1189 737 v11.
1444 672 1504 739 179

362 840 516 927 punicam
539 838 610 925 igni
631 838 837 925 liquefactam
860 838 956 925 paulo
979 838 1049 904 oleo
1071 848 1283 926 temperatam
1298 851 1388 905 saeta
1409 842 1503 907 indu-

361 950 430 1025 cat,
455 940 575 1006 deinde
598 940 718 1027 postea
733 940 930 1005 carbonibus
953 942 988 1004 in
1009 941 1116 1006 ferreo
1131 964 1210 1006 vase
1225 943 1416 1030 compositis
1432 966 1502 1008 eam

363 1064 472 1107 ceram
494 1065 514 1107 a
536 1044 685 1130 proximo
709 1065 781 1106 cum
803 1044 928 1129 pariete
950 1041 1152 1108 calfaciundo
1175 1044 1293 1110 sudare
1315 1055 1421 1129 cogat,
1444 1048 1504 1109 ita-

361 1166 426 1231 que
459 1153 496 1209 ut
523 1153 755 1233 peraequatur,
785 1143 903 1208 deinde
932 1154 1011 1210 tunc
1040 1145 1175 1209 candela
1209 1146 1383 1235 linteisque
1415 1148 1505 1234 puris

327 1248 515 1332 lsubigat,
549 1247 599 1311 uti
627 1248 722 1332 signa
748 1266 929 1311 marmorea
955 1245 1044 1310 nuda
1071 1256 1234 1312 curantur.
1289 1250 1369 1314 haec
1396 1258 1540 1313 autem5

360 1366 511 1432 γανωσις
531 1370 648 1434 graece
671 1348 800 1413 dicitur.
843 1349 890 1412 ita
905 1347 1038 1412 obstans
1054 1370 1147 1413 cerae
1168 1351 1306 1436 punicae
1327 1349 1427 1415 lorica
1442 1373 1508 1415 non

360 1451 487 1537 patitur
508 1472 569 1514 nec
591 1450 686 1514 lunae
708 1448 915 1537 splendorem
936 1472 997 1514 nec
1019 1449 1097 1515 solis
1119 1451 1228 1516 radios
1250 1450 1423 1516 lambendo
1445 1455 1506 1517 eri-

362 1573 442 1641 pere
458 1574 500 1617 ex
521 1551 573 1617 his
596 1550 808 1640 politionibus
824 1550 974 1618 colorem.
1013 1574 1095 1638 quae
1109 1561 1218 1618 autem
1240 1554 1275 1617 in
1289 1552 1508 1639 Ephesiorum

362 1652 505 1737 metallis
527 1654 659 1717 fuerunt
687 1652 853 1737 officinae,
880 1675 968 1717 nunc
996 1656 1151 1718 traiectae
1174 1663 1248 1720 sunt
1275 1653 1349 1718 ideo
1370 1656 1507 1745 Romam

363 1754 509 1842 quodid
536 1771 639 1840 genus
662 1762 764 1818 venae
791 1762 905 1843 postea
927 1764 977 1820 cst
1003 1757 1173 1820 inventum
1195 1755 1376 1843 Hispaniae
1402 1758 1559 1842 regio-10

361 1857 479 1942 nibus,
503 1878 520 1920 e
543 1856 661 1943 quibus
676 1856 817 1921 metallis
839 1856 976 1941 glaebae
997 1866 1168 1944 portantur
1183 1868 1215 1921 et
1236 1879 1296 1945 per
1317 1856 1508 1944 publicanos

362 1960 487 2023 Romae
508 1968 672 2023 curantur.
714 1981 770 2023 cae
792 1967 901 2025 autem
923 1958 1074 2025 officinae
1096 1969 1172 2038 sunt
1194 1960 1281 2023 inter
1294 1958 1409 2022 aedem
1431 1958 1507 2025 Flo·

349 2081 421 2132 „rae
444 2069 477 2124 et
499 2058 642 2141 Quirini.
1201 2046 1207 2056 ⁹

330 2176 345 2223 5
448 2162 595 2227 Vitiatur
616 2163 752 2227 minium
774 2162 922 2227 admixta
944 2161 1043 2226 calce.
1087 2162 1197 2248 itaque
1220 2163 1248 2226 si
1271 2164 1327 2249 qui
1349 2162 1429 2228 velit
1452 2186 1507 2228 ex·

364 2264 468 2349 periri
496 2263 532 2326 id
555 2264 624 2328 sine
647 2265 729 2328 vitio
752 2286 839 2347 esse,
868 2266 916 2328 sic
940 2265 1002 2328 erit
1027 2263 1224 2328 faciendum.
1274 2263 1380 2327 ferrea
1402 2264 1560 2328 lamnam

365 2374 528 2449 sumatur,
557 2387 594 2429 eo
616 2368 753 2430 minium
775 2367 967 2453 inponatur,
995 2363 1038 2427 ad
1065 2366 1175 2449 ignem
1198 2363 1384 2429 conlocetur
1406 2366 1509 2429 donee
1585 2415 1589 2422 .

365 2466 476 2531 lamna
496 2466 681 2533 candescat.
725 2488 799 2529 cum
821 2487 838 2529 e
861 2464 1003 2529 candore
1024 2464 1112 2530 color
1132 2474 1275 2530 mutatus
1302 2465 1403 2531 fuerit
1431 2469 1507 2531 erit-

365 2590 428 2654 que
450 2575 531 2650 ater,
554 2566 688 2633 tollatur
708 2567 817 2631 lamna
838 2567 880 2631 ab
902 2568 973 2653 igni
995 2577 1028 2631 et
1051 2568 1098 2632 sic
1112 2566 1342 2652 refrigeratum
1364 2570 1392 2632 si
1413 2571 1507 2632 resti·
1576 2588 1579 2593 ·

363 2680 476 2741 metm
496 2671 532 2734 in
553 2672 728 2756 pristinum
750 2667 906 2751 colorem,
935 2671 1006 2734 sine
1028 2670 1110 2734 vitio
1134 2690 1204 2732 esse
1225 2668 1434 2755 probabitur,
1458 2673 1510 2734 ain

364 2781 475 2839 autem
496 2773 711 2861 permanserit
732 2773 827 2858 nigro
843 2769 961 2854 colore,
985 2769 1184 2856 significabit
1207 2792 1242 2835 se
1258 2792 1329 2836 csse
1344 2772 1507 2836 vitiatum.
1526 2790 1560 2838 20

332 2887 347 2935 6
451 2872 546 2955 Quae
575 2893 762 2939 succurrere
789 2882 978 2961 potuerunt
992 2873 1074 2938 mihi
1101 2873 1143 2959 de
1164 2873 1265 2938 minio
1287 2873 1369 2938 dixi.
1414 2873 1508 2960 chry·

364 2974 489 3040 socolla
509 2975 702 3063 adportatur
729 2999 749 3039 a
775 2976 988 3056 Macedonia,
1016 2974 1140 3039 foditur
1167 2983 1276 3038 autem
1304 2996 1348 3038 ex
1374 2977 1402 3040 is
1429 2974 1510 3040 locis

364 3079 423 3163 qui
450 3087 526 3143 sunt
559 3079 701 3165 proximi
728 3079 862 3142 aerariis
890 3076 1042 3140 metallis.
1082 3078 1272 3160 xarmenium
1300 3085 1332 3141 et
1365 3077 1510 3141 indicum

364 3176 553 3245 nominibus
575 3178 657 3267 ipsis
680 3179 845 3244 indicatur
869 3178 987 3266 quibus
1011 3180 1046 3242 in
1068 3176 1149 3242 locis
1172 3186 1392 3264 procreantur.

434 3390 448 3436 1
468 3387 598 3452 punicam
616 3388 657 3438 ed.
672 3385 696 3450 (e
708 3384 801 3450 Plan
820 3386 957 3452 pumicem
969 3386 1055 3438 EGH.
1071 3382 1084 3451 ΙΙ
1099 3389 1115 3437 3
1128 3402 1145 3436 a
1162 3364 1283 3451 proximo
1297 3383 1431 3449 (apxrmo)
1449 3401 1510 3449 epo:

365 3472 472 3536 aprime
490 3471 577 3522 EGH.
607 3467 618 3537 ΙΙ
647 3474 805 3536 cumparate
824 3471 858 3519 E.
886 3466 898 3536 ΙΙ
926 3470 1102 3520 calfaciundo
1126 3470 1180 3520 GH
1199 3468 1246 3534 (L,
1271 3469 1448 3520 calfaciendo
1465 3470 1509 3532 Ic),

365 3554 559 3605 calefaciendo
577 3555 613 3604 E.
633 3550 645 3620 ΙΙ
665 3553 759 3618 itaque
777 3570 836 3619 eqo:
860 3553 964 3618 fiatque
983 3554 1070 3606 EGH.
1086 3551 1098 3620 (l
1113 3555 1130 3603 4
1148 3554 1296 3618 linteisque
1315 3555 1391 3621 puris
1409 3556 1450 3604 ed.
1464 3553 1511 3618 (eae

365 3640 433 3689 Ptin.
453 3640 499 3699 33,
519 3636 595 3703 122):
615 3640 777 3702 cunctisque
795 3638 882 3703 pluris
900 3639 988 3692 EGH.
1011 3634 1024 3703 Ι1
1047 3640 1063 3687 6
1085 3628 1208 3702 γάνωσις
1235 3639 1357 3689 Welclcer
1380 3636 1425 3702 (ef.
1442 3639 1511 3689 Pur.

366 3741 408 3788 qu.
421 3723 494 3774 Rern.
508 3720 565 3786 98):
585 3724 680 3788 gnosio
692 3722 770 3774 EGH
783 3720 895 3784 (καῦσις
911 3723 977 3780 loe,
997 3717 1130 3786 ἔγκαυσις
1143 3722 1228 3779 Salar„
1241 3722 1371 3782 κονίασις
1384 3721 1482 3784 Scin).
1497 3719 1508 3785 (l

367 3807 486 3874 punicae
504 3809 558 3858 eda
584 3808 712 3872 pumicea
728 3807 761 3855 Η
777 3805 860 3871 (Llc),
883 3807 1009 3872 pumiceq
1031 3802 1126 3872 (-cqe
1149 3813 1209 3856 ante
1226 3822 1297 3856 corr.
1322 3808 1355 3867 Η)
1379 3807 1437 3858 GH.
1461 3802 1472 3869 ΙΙ
1496 3807 1511 3853 't

365 3890 514 3942 lambendo
532 3891 589 3944 eda
607 3890 728 3942 labendo
746 3891 832 3942 ΕΘΗ.
857 3887 868 3956 ΙΙ
891 3893 906 3940 9
926 3890 1029 3940 fuerint
1041 3890 1072 3943 L.
1097 3886 1108 3955 l(
1132 3892 1163 3938 11
1183 3887 1267 3954 e(ex)
1286 3892 1346 3942 add,
1360 3888 1435 3938 Seleu.
1454 3889 1509 3949 (re-

366 3975 497 4040 gionibus
509 3975 608 4040 quibus
620 3976 722 4038 EGH).
739 3971 752 4041 (l
768 3973 933 4041 publicanos
952 3973 1033 4022 EGH
1050 3973 1092 4037 (L,
1112 3971 1236 4037 publicos
1253 3977 1276 4023 te
1288 3969 1347 4036 [o]).
1364 3968 1375 4036 ΙΙ
1395 3973 1425 4019 12
1445 3985 1510 4020 eae:

365 4059 419 4126 hee
436 4059 470 4119 Ε,
489 4058 541 4110 hee
562 4057 646 4126 θῇς
666 4058 720 4123 60),
740 4074 791 4109 eae
809 4059 840 4107 H
856 4056 919 4120 (hae
937 4061 968 4116 le,
986 4059 1020 4122 he
1039 4056 1082 4123 L).
1107 4054 1119 4122 l(
1142 4059 1173 4105 14
1195 4057 1334 4104 minimum
1352 4055 1388 4103 H.
1412 4050 1424 4118 ΙΙ
1451 4052 1509 4116 qui:

365 4145 403 4192 stc
421 4142 509 4193 EGH.
529 4139 543 4210 ΙΙ
563 4145 596 4193 15
613 4142 772 4194 faciendum
789 4142 847 4190 ΕΗ
863 4139 922 4205 (L):
942 4142 1103 4191 faciundum
1122 4141 1144 4189 G
1162 4137 1215 4203 (lc).
1236 4135 1248 4205 ΙΙ
1270 4139 1364 4188 lamna
1384 4137 1437 4185 GH
1452 4138 1510 4198 (1022

367 4226 473 4277 lamina
491 4226 517 4277 Ε
535 4225 592 4292 (L).
614 4230 673 4278 item
689 4240 712 4280 a.
733 4229 765 4276 17
782 4227 861 4277 et18.
884 4221 896 4290 (l
920 4228 952 4274 16
970 4227 1118 4290 inponatur
1131 4221 1259 4287 ⁶¹11(qu
1278 4225 1433 4288 apponatur
1452 4220 1510 4283 (L):

367 4312 471 4376 imponi
490 4311 525 4362 Ε.
548 4307 561 4378 ΙΙ
584 4313 616 4362 17
634 4315 768 4362 mutatus:
790 4311 828 4359 sie
851 4309 934 4374 EGII.
959 4306 971 4374 ΙΙ
995 4312 1026 4359 18
1048 4309 1113 4373 igne
1136 4307 1162 4355 Ε
1184 4304 1284 4370 (solita).
1308 4302 1320 4370 Η
1344 4309 1372 4354 et
1394 4304 1447 4354 sio:
1474 4305 1511 4353 sic

368 4394 455 4446 ΕΗΗ.
477 4392 491 4462 ΙΙ
518 4395 544 4445 sl
566 4392 637 4458 (ante
654 4393 826 4455 restituatur)
849 4393 909 4441 EG:
938 4408 986 4442 one.
1010 4393 1042 4439 Η
1061 4389 1140 4454 (Lle).
1169 4384 1181 4454 ΙΙ
1208 4391 1241 4438 -19
1264 4388 1426 4452 probabitur
1447 4387 1510 4437 EG:

366 4479 539 4543 probabitll
549 4476 628 4545 (Lo).
646 4475 659 4546 ΙΙ
672 4481 704 4528 21
719 4476 885 4526 chrisocolla
898 4476 953 4533 EG,
969 4474 1156 4540 chryssocolla
1168 4475 1200 4521 Η
1209 4473 1289 4536 (lee,
1304 4470 1511 4538 cbyryssocolla

367 4570 427 4616 onte
448 4576 503 4615 rae.
522 4564 551 4629 1).
580 4558 595 4630 [l
619 4565 653 4613 22
675 4563 712 4614 is:
740 4563 784 4613 his
809 4562 866 4611 GH.
889 4557 901 4626 ΙΙ
929 4563 962 4610 23
983 4559 1099 4624 proximi
1122 4559 1179 4607 ΕΗ
1199 4557 1281 4624 (Llc):
1304 4558 1427 4623 proxime
1448 4557 1478 4607 (ι’.
1496 4551 1509 4623 (l

368 4649 522 4701 armenium
535 4650 635 4700 Scia:
659 4647 773 4696 minium
791 4645 941 4709 (M1n1{um
961 4644 1004 4707 Ε),
1019 4644 1108 4703 ῈΗΗ,
1131 4648 1275 4709 argentum
1293 4646 1355 4708 epit.
1377 4639 1389 4708 (l
1413 4643 1446 4690 24
1464 4652 1510 4691 no·

367 4734 487 4787 minibus
514 4734 580 4787 EG:
610 4730 765 4782 inomntbus
791 4729 823 4780 H
848 4729 926 4796 (Ltc).
953 4724 966 4796 l(
996 4733 1178 4793 procreantur
1205 4728 1241 4778 E:
1273 4731 1434 4794 procreatur
1461 4725 1513 4778 GH

1242 4810 1307 4874 12*
