3784 5625
666 679 713 725 on
736 677 1004 725 nacurrncruun
1026 680 1095 725 um.
1118 681 1193 726 vnr.
1445 666 1506 730 195

326 849 341 896 7
447 833 530 898 Sunt
552 839 661 895 autem
682 840 713 894 et
735 830 799 894 alia
819 831 921 894 multa
941 853 1062 917 genera
1090 854 1172 917 quae
1193 832 1315 895 habent
1337 855 1410 896 suas
1431 856 1504 919 pro·
1525 854 1537 900 1

359 937 534 1021 prietates,
565 943 602 997 ut
629 934 664 995 in
692 931 805 997 Sicilia
832 931 953 995 flumen
980 943 1028 997 est
1054 932 1222 1016 Himeras,
1253 934 1338 1020 quod
1367 957 1387 997 a
1416 935 1505 999 fonte

360 1058 433 1100 cum
464 1046 513 1100 est
544 1055 754 1120 progressum
782 1033 944 1098 dividitur
973 1035 1009 1097 in
1037 1034 1118 1098 duas
1147 1037 1268 1122 partes.
1319 1057 1402 1121 quae
1421 1040 1505 1122 'pars

359 1137 493 1223 profluit
517 1136 629 1201 contra
650 1135 828 1217 Etruriam,
852 1136 939 1220 quod
962 1157 1021 1221 per
1042 1145 1148 1199 terrae
1163 1135 1291 1199 dulcem
1307 1159 1419 1200 sucum
1434 1159 1506 1223 per-

361 1239 474 1320 currit,
499 1247 548 1301 est
570 1237 708 1301 intincta
731 1236 918 1317 dulcedine,
943 1258 1025 1323 quae
1047 1236 1149 1301 altera
1171 1260 1246 1324 pars
1269 1259 1419 1323 peream
1442 1247 1505 1301 ter·
1524 1252 1540 1298 o

359 1362 428 1404 ram
458 1341 560 1403 currit
584 1339 673 1403 unde
700 1336 749 1401 sal
775 1336 915 1418 foditur,
944 1339 1066 1402 salsum
1092 1339 1191 1403 habet
1219 1361 1377 1425 saporem.
1426 1340 1505 1403 item

360 1442 554 1505 Paraetonio
571 1449 603 1505 et
625 1438 711 1526 quod
727 1447 776 1502 est
797 1440 861 1502 iter
882 1439 925 1503 ad
939 1439 1156 1505 Hammonem
1171 1451 1203 1505 et
1219 1441 1315 1505 Casio
1330 1440 1378 1504 ad
1395 1442 1505 1528 Aegy-

360 1552 451 1629 ptum
475 1542 563 1608 lacus
586 1551 662 1605 sunt
684 1540 862 1627 palustres,
892 1542 948 1628 qui
970 1544 1017 1606 ita
1039 1551 1114 1606 sunt
1137 1541 1214 1605 salsi
1236 1552 1272 1606 ut
1294 1540 1436 1607 habeant
1458 1544 1506 1605 in-

363 1666 462 1731 super
490 1667 525 1707 se
554 1643 654 1709 salem
683 1642 898 1726 congelatum.
948 1654 1024 1708 sunt
1050 1654 1159 1708 autem
1187 1654 1219 1707 et
1251 1642 1325 1707 aliis
1358 1643 1508 1730 pluribus

362 1745 441 1809 locis
465 1754 497 1808 et
519 1744 625 1809 fontes
649 1754 681 1808 et
702 1744 836 1808 flumina
859 1754 891 1808 et
918 1744 1024 1827 laeua,
1054 1747 1109 1832 qui
1131 1766 1191 1832 per
1212 1743 1404 1809 salifodinas
1436 1769 1506 1832 per·
1529 1759 1558 1806 10

329 1860 344 1907 8
363 1854 529 1911 currentes
544 1847 729 1910 necessario
744 1843 822 1909 salsi
844 1830 1066 1931 perficiuntur.
1103 1845 1160 1909 alii
1174 1856 1282 1910 autem
1297 1847 1507 1933 perpingues

362 1958 470 2012 terrae
498 1970 599 2013 venas
633 1946 831 2034 profluentes
867 1949 959 2010 uncti
992 1947 1062 2012 oleo
1096 1947 1201 2011 fontes
1237 1957 1425 2034 erumpunt,
1459 1950 1508 2013 uti

363 2049 465 2132 Solis,
495 2048 583 2135 quod
612 2048 768 2136 oppidum
797 2058 847 2112 est
874 2048 1027 2131 Ciliciae,
1061 2049 1181 2112 flumen
1208 2050 1339 2114 nomine
1365 2050 1507 2136 Liparis,

364 2153 398 2215 in
421 2174 485 2238 quo
507 2159 655 2215 natantes
671 2159 728 2213 aut
750 2148 897 2214 lavantes
920 2150 963 2214 ab
985 2155 1057 2235 ipsa
1078 2173 1163 2237 aqua
1184 2160 1382 2235 unguuntur.
1420 2153 1506 2216 simi-

365 2252 441 2317 liter
462 2251 641 2339 Aethiopia
664 2251 752 2316 lacus
770 2260 819 2315 est
841 2253 896 2337 qui
918 2263 1034 2317 unctos
1056 2254 1203 2317 homines
1219 2252 1322 2316 efficit
1344 2254 1400 2339 qui
1421 2255 1456 2317 in
1471 2275 1508 2317 eo
1528 2265 1560 2312 15

363 2356 566 2436 nataverint,
595 2364 628 2418 et
654 2353 752 2417 India
774 2354 830 2439 qui
859 2376 972 2418 sereno
1001 2353 1090 2419 caelo
1120 2355 1240 2418 emittit
1268 2353 1331 2417 olei
1357 2377 1507 2439 magnam

324 2470 328 2477 '
363 2454 623 2538 multitudinem,
650 2456 728 2518 item
758 2454 953 2539 Carthagini
984 2456 1058 2520 fons
1091 2455 1125 2518 in
1154 2477 1218 2541 quo
1251 2465 1342 2519 natat
1375 2456 1509 2544 insuper

364 2556 468 2621 oleum
484 2555 583 2623 odore
604 2558 654 2621 uti
675 2556 783 2620 scobis
807 2557 937 2638 citreae,
962 2578 1024 2643 quo
1048 2556 1118 2620 oleo
1142 2560 1240 2621 etiam
1262 2579 1381 2644 pecora
1404 2556 1507 2621 solent

363 2661 476 2744 ungui.
521 2658 692 2746 Zacyntho
715 2667 747 2722 et
769 2659 857 2721 circa
878 2658 1100 2745 Dyrrachium
1123 2667 1154 2721 et
1169 2657 1377 2745 Apolloniam
1400 2658 1507 2724 fontes

365 2770 439 2826 sunt
466 2761 524 2849 qui
552 2761 636 2847 picis
663 2782 814 2845 magnam
846 2759 1090 2824 multitudinem
1125 2781 1197 2824 cum
1231 2782 1315 2847 aqua
1344 2770 1508 2826 evomunt.
1526 2773 1559 2821 20

364 2862 535 2950 Babylone
556 2861 644 2926 lacus
659 2862 861 2949 amplissima
875 2861 1102 2946 magnitudine
1118 2863 1174 2948 qui
1196 2865 1296 2946 λιμνη
1312 2867 1509 2946 usmaitans

365 2963 562 3052 appellatur,
585 2962 684 3028 habet
706 2986 805 3051 supra
826 2972 943 3028 natans
965 2963 1128 3050 liquidum
1149 2962 1312 3045 bitumen,
1336 2987 1400 3050 quo
1421 2964 1508 3029 bitu-

365 3165 592 3173 ——-—-—--

367 3291 447 3356 (Llc),
468 3290 570 3340 Tarsos
583 3305 638 3353 epo.
656 3284 668 3355 (l
685 3290 698 3337 1
717 3288 822 3338 habeut
834 3303 911 3338 suas:
930 3283 969 3338 sic
981 3289 1065 3339 ΕΘΗ.
1087 3283 1100 3354 ΙΙ
1119 3289 1178 3338 2ut
1194 3287 1330 3338 insicilia:
1347 3289 1385 3337 sie
1397 3288 1482 3339 EGH.
1495 3287 1506 3354 l(

366 3375 498 3425 himeras:
517 3377 555 3424 sic
573 3373 659 3424 EGH.
683 3369 695 3440 (l
718 3373 871 3423 bintincta
889 3390 949 3440 epo:
969 3373 1078 3423 infinita
1095 3373 1182 3425 EGH.
1206 3369 1218 3439 ΙΙ
1241 3389 1312 3438 quae
1336 3372 1427 3423 altera
1444 3389 1509 3439 pars

366 3457 611 3522 Mulier-Stultitia:
639 3472 711 3521 quae
730 3456 821 3506 altera
838 3462 918 3522 parte
936 3459 1023 3507 ΕΘΗ.
1045 3453 1058 3523 ΙΙ
1081 3457 1229 3522 tparet(&
1240 3457 1342 3521 H)onio
1364 3458 1446 3509 ΕΘΗ
1465 3459 1509 3523 (L,

365 3542 511 3607 paretonia
527 3540 570 3607 le).
594 3537 606 3608 Η
629 3549 656 3591 et
674 3541 745 3605 quod
764 3541 810 3603 (rs.
829 3544 897 3592 Ptin.
917 3545 962 3600 31,
981 3543 1038 3606 78):
1062 3545 1100 3593 sio
1122 3543 1208 3593 EGH.
1232 3537 1245 3609 (l
1268 3542 1344 3592 casio
1363 3542 1423 3593 Es:
1449 3559 1509 3593 cas·

366 3628 407 3678 sio
419 3627 449 3676 H
458 3624 539 3689 (Llc).
555 3621 567 3691 (l
583 3629 599 3676 9
619 3624 793 3690 congelatum
806 3625 886 3676 ΕΘΗ
899 3624 941 3690 (L,
961 3626 1118 3693 colegatnm
1130 3643 1151 3686 r,
1165 3626 1339 3692 conlegatum
1358 3629 1402 3676 ccli
1416 3625 1482 3691 etl).
1495 3624 1507 3693 (l

368 3714 398 3762 10
420 3711 534 3760 flumina
556 3709 634 3759 lacus
656 3710 735 3760 ΕΘΗ
756 3711 799 3772 (et
822 3712 882 3764 add.
911 3709 973 3774 ert).
1002 3707 1015 3776 ΙΙ
1042 3710 1095 3761 sali
1118 3711 1241 3761 fodinas:
1268 3714 1306 3760 sic
1332 3711 1414 3762 EGH
1437 3712 1509 3774 (leet,

367 3793 559 3846 sali.fodinas
582 3795 619 3853 L,
642 3794 823 3845 salisfodinas
845 3803 904 3844 ante
927 3811 996 3844 corr.
1015 3795 1045 3860 1).
1069 3793 1082 3862 [Ι
1110 3797 1143 3844 14
1163 3797 1302 3858 unguntur
1324 3795 1410 3844 ΕΘΗ.
1437 3791 1449 3861 ΙΙ
1479 3797 1510 3844 15

367 3878 516 3942 Aethiopia
534 3893 593 3943 epo:
614 3878 772 3943 aethiopiae
791 3878 863 3942 (·-ie
883 3876 915 3942 G)
935 3879 1020 3929 EGH.
1044 3877 1057 3943 (l
1081 3881 1111 3928 16
1130 3877 1292 3928 nataverint
1309 3878 1359 3928 ΕΘ
1376 3875 1436 3941 (lr):
1460 3894 1509 3927 na·

368 3963 471 4013 taverit
487 3963 517 4012 H
535 3960 591 4026 (L).
612 3959 624 4028 Η
646 3959 669 4010 s
686 3963 775 4011 india:
794 3965 832 4012 sic
848 3963 935 4013 ΕΘΗ.
958 3957 970 4028 (l
992 3964 1039 4026 qni
1058 3963 1086 4011 H
1104 3959 1186 4026 (Llo):
1212 3977 1263 4026 que
1281 3961 1339 4011 ΕΘ.
1364 3959 1375 4025 ΙΙ
1399 3964 1430 4010 11
1450 3976 1510 4011 car·

366 4047 457 4113 tagini
475 4046 509 4104 Ε,
528 4045 686 4110 carthagini
705 4048 756 4097 ΘΗ
774 4045 818 4111 (L,
837 4047 969 4097 karthani
986 4047 1029 4108 lc).
1052 4042 1064 4111 l(
1088 4046 1149 4097 fons
1167 4047 1196 4095 in
1215 4061 1280 4110 quo:
1299 4040 1510 4111 ricEGH.1118

367 4133 406 4181 uti
435 4131 527 4182 scobis
550 4133 656 4181 citreae
679 4131 744 4180 Plu't
774 4128 816 4192 (ut
839 4147 853 4182 e
882 4131 966 4181 scobe
994 4131 1081 4180 citreo
1109 4127 1211 4194 Sulm.):
1242 4130 1284 4178 uti
1310 4129 1395 4180 scobe
1422 4129 1510 4179 citreo

368 4215 453 4268 ΕΘΗ.
470 4210 483 4280 ss
503 4229 556 4278 quo
573 4214 661 4265 E0G0:
680 4215 751 4278 quod
769 4215 801 4264 H
817 4213 874 4279 (Lo,
894 4213 928 4278 qd
949 4215 967 4275 1)
987 4223 1012 4264 et
1029 4222 1088 4264 ante
1106 4230 1159 4263 ras.
1178 4214 1235 4264 ΕΘ.
1258 4210 1271 4279 ΙΙ
1294 4217 1325 4265 19
1342 4215 1442 4279 ungui:
1460 4229 1509 4263 un·

369 4301 446 4364 gueri
465 4299 523 4357 ΕΘ,
541 4299 639 4364 ungari
657 4299 685 4347 H
703 4299 798 4361 (stete,
817 4300 882 4363 ungi
901 4296 1101 4362 assecurat).
1124 4295 1137 4363 ΙΙ
1160 4298 1293 4349 Zachinto
1310 4299 1397 4349 EGH.
1419 4295 1432 4365 ΙΙ
1456 4299 1510 4348 dir-

368 4384 492 4433 rachium
510 4383 598 4434 ΕΘΗ.
620 4379 632 4448 (l
657 4385 689 4432 10
707 4398 780 4446 aqua
799 4386 928 4433 evomunt
944 4381 1007 4434 ΕΘ;
1027 4397 1114 4446 aquae
1134 4385 1245 4431 vomunt
1261 4383 1291 4431 H
1309 4384 1356 4444 (lc,
1375 4397 1449 4446 aqua
1465 4398 1512 4432 vo·

368 4472 442 4517 munt
460 4467 528 4530 stc).
553 4461 565 4531 (l
594 4469 625 4515 11
643 4466 778 4516 Babilone
795 4466 873 4516 ΕΘΗ
896 4464 942 4527 (L,
963 4480 1049 4516 -nae
1071 4483 1097 4525 c,
1117 4481 1185 4530 -ne
1203 4463 1248 4529 u).
1284 4467 1334 4516 sub
1358 4467 1418 4516 add.
1436 4468 1477 4516 ed.
1497 4464 1509 4531 l(

368 4549 469 4601 limnea
497 4553 636 4614 spartacis
662 4551 740 4602 ΕΘΗ
773 4551 860 4613 (Lloh,
888 4550 1028 4614 spartanis
1052 4551 1093 4609 lac,
1121 4549 1338 4614 limniasphaltis
1360 4553 1416 4615 ert,
1444 4553 1513 4616 quod

370 4649 435 4685 corr.
464 4632 583 4698 Schola).
610 4630 622 4701 l(
651 4637 682 4684 11
713 4651 765 4699 quo
797 4635 872 4685 12ch
898 4633 1004 4699 (Lcrh):
1035 4635 1108 4700 quod
1134 4636 1166 4685 H
1189 4633 1236 4700 (qd
1257 4634 1278 4698 1)
1306 4644 1331 4686 et
1355 4641 1415 4686 ante
1440 4652 1511 4687 corr.

371 4719 417 4770 ΕΘ
435 4717 492 4784 (L).

1245 4798 1309 4865 13*
