3784 5625
710 642 756 689 na
780 641 1047 690 Ancnrrrcruaa
1070 645 1139 690 ms.
1156 645 1204 691 rr.
1465 632 1529 696 215

381 798 426 862 ad
448 798 550 861 imum
566 794 796 860 libramentum
812 794 919 859 divisa
935 795 1036 859 fuerit
1056 797 1091 859 in
1112 806 1220 883 partes
1236 809 1317 883 tres,
1341 800 1403 864 erit
1418 823 1528 865 earum

382 901 529 987 quinque
552 899 586 961 in
609 897 705 961 scalis
730 919 901 984 scaporum
927 899 1014 962 iusta
1040 897 1244 982 longitudine
1265 901 1449 989 inclinatio,
1478 905 1528 966 uti

383 1023 481 1087 quam
510 1021 648 1084 magnae
675 998 798 1063 fuerint
824 1001 909 1063 inter
937 1000 1213 1084 contignationem
1241 1012 1274 1065 et
1300 1004 1402 1066 imum
1429 999 1526 1067 libra-

349 1114 352 1131 '
380 1112 528 1168 mentum
549 1100 731 1165 altitudinis
754 1110 862 1188 partes
885 1109 963 1183 tres
987 1110 1138 1188 quattuor
1151 1124 1171 1164 a
1193 1103 1424 1190 perpendiculo
1439 1126 1526 1168 rece-

381 1206 464 1269 dant
493 1214 525 1268 et
552 1203 600 1267 ibi
629 1202 836 1269 conlocentur
862 1203 1034 1267 inferiores
1063 1201 1168 1267 calces
1198 1226 1380 1292 scaporum.
1429 1207 1476 1269 ita
1499 1208 1560 1271 sia

380 1314 492 1389 erunt,
521 1314 721 1392 temperatae
744 1315 775 1368 et
808 1304 970 1389 graduum
993 1314 1027 1369 et
1055 1300 1199 1391 ipsarum
1249 1306 1409 1371 scalarum
1432 1317 1526 1371 amnt

382 1408 631 1473 conlocationes.
676 1408 754 1470 item
777 1407 846 1471 eius
869 1409 917 1471 rei
939 1408 1002 1470 erit
1024 1409 1210 1494 subscripta
1230 1407 1345 1473 forma.

347 1529 363 1575 9
466 1507 673 1579 Archimedis
702 1530 780 1572 vero
808 1530 882 1572 cum
909 1508 1013 1573 multa
1040 1508 1188 1572 miranda
1215 1511 1351 1574 inventa
1372 1521 1405 1574 et
1431 1512 1524 1575 varia
1535 1526 1578 1576 111

380 1611 516 1692 fuerint,
540 1632 583 1673 ex
604 1610 754 1674 omnibus
770 1611 867 1675 etiam
889 1611 1017 1675 infinita
1032 1610 1177 1675 sollertia
1197 1610 1233 1675 id
1255 1611 1343 1697 quod
1365 1634 1525 1699 exponam

380 1713 599 1778 videturesse
615 1734 815 1799 expressum.
842 1713 997 1777 nimirum
1009 1712 1111 1777 Hiero
1127 1715 1212 1777 enim
1225 1713 1396 1801 Syracusis
1410 1723 1524 1779 auctus
1544 1732 1576 1779 10

380 1816 473 1900 regia
494 1824 667 1907 potestate,
689 1814 786 1878 rebus
809 1814 892 1878 bene
914 1816 1017 1899 gestis
1040 1837 1114 1878 cum
1127 1837 1260 1879 auream
1275 1838 1425 1880 coronam
1441 1816 1524 1880 voti-

382 1935 457 1980 vam
473 1915 537 1981 diis
553 1915 778 1982 inmortalibus
795 1915 829 1979 in
845 1915 984 2003 quodam
1000 1914 1077 1981 fano
1093 1916 1314 1982 constituisset
1328 1917 1523 2005 ponendam,

380 2020 587 2105 manupretio
609 2017 730 2083 locavit
751 2016 937 2081 faciendam
960 2027 993 2082 et
1014 2040 1131 2082 aurum
1152 2017 1195 2081 ad
1217 2040 1345 2083 sacoma
1366 2018 1525 2105 appendit

380 2120 604 2208 redemptori„
634 2120 662 2183 is
686 2118 728 2183 ad
750 2129 877 2205 tempus
901 2142 982 2206 opus
1005 2120 1245 2183 manufactum
1268 2118 1433 2184 subtiliter
1454 2121 1524 2203 regi
1585 2114 1587 2116 ’

379 2222 576 2309 adprobavit
602 2231 633 2285 et
659 2221 701 2285 ad
723 2242 852 2285 sacoma
879 2220 1006 2308 pondus
1034 2242 1170 2285 coronae
1192 2223 1282 2285 visus
1311 2222 1573 2306 est1praesti·15

329 2344 360 2391 ιο
380 2326 470 2389 tisse.
514 2333 727 2410 posteaquam
746 2321 906 2386 indicium
930 2331 980 2386 est
1000 2322 1124 2386 factum
1139 2323 1270 2410 dempto
1291 2344 1369 2387 auro
1390 2331 1521 2386 tantun-

380 2426 455 2490 dem
482 2426 611 2511 argenti
638 2426 673 2487 in
701 2423 737 2487 id
765 2424 969 2489 coronarium
996 2445 1077 2509 opus
1104 2422 1289 2487 admixtum
1316 2444 1402 2503 esse,
1436 2423 1521 2486 indi-

379 2538 498 2613 gnatus
515 2527 616 2593 Hiero
632 2547 667 2589 se
683 2533 904 2612 contemptum
920 2546 991 2588 esse
1005 2546 1110 2611 neque
1131 2526 1302 2589 inveniens
1318 2547 1382 2611 qua
1396 2525 1522 2589 ratione

378 2630 414 2693 id
452 2629 575 2693 furtum
611 2625 880 2714 reprehenderet,
916 2627 1047 2709 rogavit
1085 2625 1307 2690 Archimeden
1344 2627 1393 2689 uti
1429 2627 1521 2689 inse

380 2739 521 2795 sumeret
542 2730 609 2794 sibi
637 2728 678 2792 de
701 2749 737 2792 eo
761 2728 1003 2814 cogitationem.
1048 2717 1125 2792 tuno
1148 2729 1177 2791 is
1200 2748 1273 2791 cum
1294 2726 1429 2791 haberet
1451 2727 1520 2790 eius
1539 2743 1572 2791 aa

379 2835 428 2897 rei
456 2854 582 2916 curam,
612 2853 690 2895 casu
718 2831 809 2895 venit
840 2831 875 2894 in
903 2829 1068 2895 balineum
1100 2830 1213 2916 ibique
1240 2852 1315 2893 cum
1341 2831 1376 2894 in
1403 2827 1520 2894 solium

380 2934 607 3017 descenderet,
636 2931 869 2997 animadvertit
896 2940 1053 3018 quantum
1082 2933 1226 3019 corporis
1249 2934 1300 2996 sui
1327 2933 1362 2995 in
1384 2952 1421 2995 eo
1443 2931 1521 2994 insi·

380 3036 472 3100 deret
499 3046 626 3101 tantum
653 3055 757 3119 aquae
780 3042 873 3098 extra
895 3031 1012 3097 solium
1035 3033 1178 3098 effluere.
1227 3033 1327 3119 idque
1355 3054 1429 3096 cum
1451 3033 1520 3095 eius

378 3141 427 3202 rei
454 3140 612 3202 rationem
635 3135 862 3223 explicationis
890 3135 1102 3219 ostendisset,
1132 3137 1268 3200 nonest
1295 3144 1439 3199 moratus
1462 3131 1520 3196 sed

379 3239 512 3303 exsiluit
544 3239 665 3324 gaudio
699 3247 805 3303 motus
841 3237 883 3301 de
919 3235 1000 3301 solio
1033 3245 1065 3301 et
1095 3236 1201 3300 nudus
1232 3235 1355 3298 vadens
1389 3234 1520 3299 domum
1537 3250 1571 3300 25

446 3517 461 3564 2
480 3516 598 3579 quinque
616 3514 646 3563 H
663 3511 746 3577 (Ltc):
766 3512 805 3562 ·V·
823 3513 880 3566 EG.
904 3509 916 3578 ΙΙ
939 3514 1013 3562 iusta
1029 3511 1202 3581 longitudine
1220 3512 1250 3560 H
1261 3508 1347 3575 (Llciz
1365 3510 1444 3559 iuxta
1461 3509 1520 3560 lon-

377 3599 530 3664 gitudinem
550 3598 627 3660 (-ne
647 3597 678 3659 G)
697 3597 753 3647 EG.
778 3591 789 3664 Η
811 3596 959 3647 inclinatio
978 3612 1059 3660 quom
1079 3597 1143 3661 (quai
1161 3594 1194 3659 G)
1219 3595 1269 3645 GH
1292 3593 1399 3658 (inserui
1419 3592 1484 3657 uti).
1505 3590 1517 3657 ΙΙ

377 3686 444 3734 2-3
463 3681 649 3730 inclinatio-
664 3683 898 3746 contignationem
915 3696 962 3735 om.
981 3681 1014 3731 E.
1030 3678 1042 3748 ΙΙ
1058 3684 1075 3732 4
1092 3685 1149 3730 tres
1168 3684 1298 3743 quattuor
1314 3680 1344 3728 H
1349 3697 1356 3727 ε
1375 3678 1434 3731 ‚IIL
1453 3677 1518 3728 IIIi.

376 3768 436 3818 EG.
461 3761 472 3830 ΙΙ
496 3767 511 3816 5
529 3764 675 3814 inferiores
695 3765 764 3815 Get:
783 3766 929 3817 interiores
948 3765 1034 3818 EGH.
1058 3762 1070 3831 ΙΙ
1094 3766 1135 3814 ita
1153 3765 1193 3814 sic
1216 3760 1251 3825 (si
1269 3766 1328 3826 epo)
1352 3766 1433 3812 erunt
1449 3765 1518 3812 tem·

375 3854 490 3917 paratae
504 3849 528 3898 dr
542 3850 615 3911 (-te
627 3853 667 3901 vel
678 3855 755 3916 —te.
769 3848 862 3912 &EGl
876 3850 1010 3916 graduum
1024 3848 1065 3914 (et
1076 3851 1136 3899 add.
1147 3847 1236 3909 Pont.)
1248 3849 1368 3912 ipsarum
1380 3845 1518 3897 scalarum

378 3940 460 3987 erunt
483 3932 832 3998 con(col·EG)locationes
855 3934 940 3984 ΕΘΗ.
956 3931 1001 4002 [19
1019 3935 1047 3983 id
1063 3932 1149 3997 quod:
1167 3931 1250 3995 idque
1262 3931 1296 3983 E.
1313 3926 1325 3996 ΙΙ
1341 3932 1373 3979 10
1390 3931 1518 3978 nimirum

377 4021 463 4070 Hiero
476 4035 536 4083 epo:
554 4019 667 4067 nimium
685 4023 728 4069 est
746 4017 798 4080 (est
815 4021 866 4069 del.
884 4019 948 4083 ed).
971 4020 1045 4068 hiero
1058 4017 1143 4068 EGH.
1160 4012 1172 4081 ΙΙ
1189 4014 1243 4078 sy(1
1255 4013 1413 4078 E)raeussis
1425 4013 1482 4062 EG.
1503 4008 1515 4079 ll
1546 4015 1550 4020 '

299 4137 311 4163 ‚
379 4108 411 4155 13
424 4120 507 4154 manu
518 4103 573 4168 ptio
588 4103 639 4152 GH
651 4100 745 4166 (manu
757 4105 870 4166 praecio
883 4105 924 4160 Le,
943 4104 1036 4169 precio
1049 4102 1087 4159 ch,
1105 4099 1190 4149 imani
1208 4113 1234 4162 p.
1247 4108 1283 4156 cc,
1300 4096 1413 4146 immani
1430 4113 1455 4161 p.
1468 4096 1517 4160 11⁶),

378 4205 488 4238 manum
514 4189 602 4253 pretio
628 4188 662 4236 E.
689 4183 701 4252 {l
726 4191 835 4237 sacoma
860 4187 946 4239 EGH.
975 4183 987 4252 ss
1015 4189 1047 4235 14
1071 4182 1300 4246 redemptori.is:
1328 4179 1519 4245 redemptoriis

378 4273 464 4323 ΕΘΗ.
487 4270 498 4338 Η
524 4274 555 4322 15
574 4271 758 4328 sacomaEG,
778 4286 882 4319 —mam
900 4266 1104 4335 H(Llc).[]19
1122 4267 1224 4316 furtum
1243 4263 1402 4327 mamm:
1422 4265 1517 4315 futuri
1567 4284 1570 4286 ·

379 4355 404 4406 Ε
422 4365 523 4407 etanta
542 4373 610 4408 corr.
631 4358 659 4408 G.
677 4353 690 4422 ΙΙ
705 4353 890 4404 archimedem
909 4356 946 4404 sic
965 4354 1051 4404 EGH.
1073 4349 1085 4418 ΙΙ
1104 4354 1137 4402 20
1154 4352 1203 4400 is:¹
1215 4350 1259 4400 his
1276 4349 1362 4400 ΕΘΗ.
1382 4345 1394 4414 ll
1417 4351 1449 4398 21
1467 4349 1518 4399 ba-

378 4440 480 4493 llneum
498 4443 527 4490 H
545 4440 603 4503 (L):
623 4442 753 4491 balneum
770 4438 819 4488 EG
836 4436 891 4501 (lc).
913 4433 925 4503 ΙΙ
948 4440 981 4488 22
1000 4435 1294 4501 quantumincorporis
1312 4433 1390 4483 EGH
1407 4430 1448 4495 (in
1465 4435 1514 4483 del.

379 4526 441 4590 ert).
465 4523 477 4591 ΙΙ
497 4529 530 4577 23
548 4527 630 4591 idque
649 4541 707 4591 epo:
734 4525 830 4587 itaque
850 4522 934 4575 EGH.
958 4519 970 4588 ΙΙ
994 4522 1053 4572 eius
1075 4522 1116 4569 rei
1134 4521 1162 4570 H
1181 4516 1299 4581 (Gchlcb
1327 4519 1386 4566 eius
1409 4518 1435 4566 ei
1456 4525 1516 4568 arcte

378 4628 447 4662 corr.
469 4613 497 4669 G,
517 4613 543 4660 ei
561 4613 621 4661 eius
638 4611 674 4660 E.
697 4607 709 4674 ll
732 4609 765 4658 24
782 4606 963 4658 ostendisset:
990 4608 1027 4656 sic
1045 4605 1129 4656 EGH.
1153 4600 1165 4670 ΙΙ
1187 4605 1220 4655 25
1238 4601 1350 4653 exsiluit
1368 4603 1400 4660 G,
1420 4601 1517 4651 exiluit

379 4697 407 4744 rr
425 4693 503 4758 (are),
522 4695 630 4745 excivit
647 4694 672 4742 r
690 4693 750 4758 (a).
