3784 5625
690 688 738 735 nn
760 688 1027 737 saonrrnorunu
1048 689 1121 750 nra.
1141 687 1189 735 rx.
1447 675 1511 741 225

369 842 501 906 nonsit
528 849 661 928 propter
688 842 772 905 aeris
802 840 1049 906 similitudinem
1077 840 1249 905 obscuram
1276 842 1392 906 videri.
1437 866 1511 908 cum

368 942 412 1030 ad
434 941 701 1030 perpendiculum
718 963 755 1005 ea
771 944 813 1006 sit
835 942 876 1006 ad
900 943 969 1006 eius
991 942 1112 1025 radios,
1135 951 1239 1007 totum
1261 942 1369 1007 lumen
1391 944 1433 1008 ad
1456 970 1510 1011 su-

335 1045 530 1131 aperiorem
552 1044 694 1131 speciem
715 1044 849 1107 retineri
872 1053 904 1107 et
926 1053 1004 1107 tunc
1026 1066 1097 1107 eam
1119 1043 1230 1107 vocari
1252 1046 1400 1132 primam.
1438 1070 1512 1112 cum

367 1146 569 1232 praeteriens
598 1144 698 1209 vadat
721 1143 763 1208 ad
790 1145 925 1210 orientis
954 1144 1037 1209 caeli
1064 1154 1192 1232 partes,
1225 1144 1366 1211 'relaxari
1388 1149 1430 1213 ab
1452 1151 1511 1212 im-

368 1256 446 1334 petu
468 1246 544 1311 solis
568 1257 811 1332 extremamque
833 1246 902 1310 eius
924 1255 1050 1332 partem
1066 1245 1259 1311 candentiae
1274 1248 1394 1336 oppido
1415 1264 1546 1336 quamn

367 1349 459 1413 tenui
482 1349 569 1413 linea
590 1348 633 1412 ad
654 1358 772 1413 terram
801 1348 931 1412 mittere
959 1348 1165 1436 splendorem
1194 1358 1226 1412 et
1247 1350 1294 1413 ita
1315 1371 1357 1413 ex
1379 1372 1417 1416 eo
1440 1374 1511 1416 eam

367 1450 544 1515 secundam
576 1452 698 1516 vocari.
754 1448 918 1514 cotidiana
950 1460 1058 1514 autem
1090 1451 1287 1515 versationis
1320 1452 1512 1518 remissione

366 1554 496 1617 tertiam
521 1562 669 1639 quartam
697 1552 731 1615 in
753 1550 823 1614 dies
846 1553 1022 1615 numerari.
1067 1550 1204 1637 septimo
1227 1550 1282 1615 die
1304 1575 1376 1618 cum
1399 1554 1448 1620 sol
1470 1557 1513 1621 sit

366 1654 409 1716 ad
432 1654 644 1736 occidentem,
667 1653 745 1717 luna
766 1661 874 1723 autem
896 1654 982 1717 inter
1004 1653 1161 1718 orientem
1183 1661 1215 1716 et
1230 1654 1433 1719 occidentem
1446 1679 1512 1721 me-

367 1755 439 1819 dias
468 1755 549 1819 caeli
577 1765 687 1821 teneat
707 1756 875 1841 regiones,
909 1754 996 1841 quod
1025 1751 1162 1818 dimidia
1189 1764 1282 1841 parte
1304 1756 1386 1821 caeli
1407 1760 1513 1846 spatio
1533 1771 1563 1819 to

366 1856 469 1921 distet
490 1879 510 1920 a
533 1857 618 1941 sole,
647 1859 726 1922 item
755 1856 924 1921 dimidiam
955 1854 1148 1920 candentiae
1176 1878 1366 1922 conversam
1394 1859 1514 1926 habere

364 1959 409 2021 ad
439 1967 568 2024 terram.
624 1959 710 2023 inter
743 1958 844 2023 solem
872 1979 950 2022 vero
979 1967 1011 2022 et
1038 1956 1148 2022 lunam
1182 1981 1255 2023 cum
1283 1959 1384 2025 distet
1409 1971 1513 2028 totum

365 2062 481 2125 mundi
503 2061 645 2147 spatium
667 2069 698 2124 et
720 2060 816 2124 lunae
838 2060 957 2124 orienti
980 2058 1029 2123 sol
1050 2068 1140 2124 trans
1163 2069 1277 2125 contra
1299 2062 1342 2126 sit
1364 2062 1406 2126 ad
1429 2066 1512 2129 occi·

365 2162 515 2246 dentem,
539 2177 609 2225 eam
632 2185 694 2249 quo
717 2162 846 2247 longius
869 2160 958 2224 absit
982 2182 1001 2224 a
1023 2161 1125 2224 radiis
1146 2162 1333 2246 remissam,
1356 2182 1436 2228 xlm
1458 2164 1513 2228 die

364 2262 461 2351 plena
483 2273 555 2329 rota
576 2264 681 2329 totius
705 2263 793 2328 orbis
815 2264 945 2326 mittere
968 2260 1190 2349 splendorem,
1212 2262 1420 2350 reliquosque
1442 2264 1511 2328 dies
1531 2281 1562 2329 15
1628 2267 1632 2274 ’

365 2366 590 2430 decrescentia
612 2364 778 2429 cotidiana
798 2364 841 2427 ad
863 2362 1097 2449 perfectionem
1119 2361 1243 2427 lunaris
1265 2366 1386 2430 mensis
1400 2388 1510 2431 versa-

364 2468 510 2532 tionibus
539 2478 571 2531 et
599 2489 697 2531 cursu
724 2488 743 2530 a
771 2464 838 2530 sole
873 2460 1137 2530 revocationibus
1167 2463 1278 2528 subire
1310 2465 1371 2531 sub
1406 2477 1510 2531 rotam

364 2566 540 2656 radiosque
563 2569 632 2632 eius
656 2578 688 2632 et
709 2576 892 2632 menstruas
917 2565 1044 2630 dierum
1067 2564 1195 2629 efficere
1217 2566 1371 2631 rationes.

328 2681 345 2728 3
449 2668 510 2734 Uti
545 2679 656 2734 autem
691 2668 901 2735 Aristarchus
940 2666 1068 2747 Samius
1110 2666 1358 2753 mathematicus
1395 2672 1516 2756 vigore·
1566 2695 1568 2698 ·

362 2794 483 2858 magno
500 2774 642 2839 rationes
660 2771 831 2836 varietatis
848 2767 1031 2858 disciplinis
1048 2768 1090 2832 de
1106 2768 1219 2833 eadem
1233 2791 1269 2834 re
1284 2769 1428 2859 reliquit,
1452 2794 1508 2837 ex·
1526 2789 1560 2840 ao

362 2896 493 2963 ponam.
525 2897 591 2940 non
614 2875 701 2938 enim
722 2873 802 2938 latet
824 2873 933 2936 lunam
955 2893 1020 2936 non
1035 2893 1129 2934 suum
1143 2872 1376 2960 propriumque
1389 2873 1509 2938 habere

362 2975 563 3042 lumensed
596 2998 669 3042 esse
698 2977 748 3040 uti
780 2972 946 3061 speculum
975 2981 1008 3035 et
1034 2970 1077 3035 ab
1105 2971 1183 3038 solis
1211 2974 1336 3061 impetu
1364 2977 1509 3064 recipere

431 3187 444 3235 1
464 3183 557 3236 videre
569 3184 602 3233 Ε.
615 3180 626 3250 Η
639 3185 654 3234 2
668 3199 702 3234 ea
715 3183 752 3233 sit
763 3197 823 3247 epo:
843 3176 918 3231 esset
931 3177 989 3242 (eet
1005 3177 1036 3242 Θ)
1050 3178 1135 3230 ΕΘΗ.
1148 3175 1160 3246 ΙΙ
1171 3183 1187 3231 3
1199 3181 1320 3232 retinere
1334 3182 1366 3235 Ε,
1378 3178 1391 3248 ΙΙ
1402 3185 1419 3231 4
1430 3184 1509 3234 vadit

361 3273 391 3320 lc.
405 3266 445 3336 Hb
463 3284 544 3335 quam
557 3270 613 3320 ed:
633 3268 767 3332 quiquam
780 3267 816 3324 H,
830 3266 935 3329 quaqua
947 3263 1005 3314 ΕΘ.
1017 3259 1030 3330 ΙΙ
1041 3266 1057 3313 6
1068 3263 1144 3314 linea
1155 3264 1205 3315 ΕΘ
1216 3264 1255 3329 (l),
1269 3265 1338 3316 linia
1349 3268 1379 3315 H
1390 3266 1476 3331 (Lol).
1493 3267 1504 3335 ll

361 3369 436 3404 eam:
461 3353 506 3403 ani
525 3353 550 3402 Ε
569 3349 690 3419 (sic).118
708 3351 819 3403 tertiam
836 3350 866 3399 in
884 3349 943 3399 dies
963 3352 1092 3411 quartam
1110 3348 1135 3397 Ε
1146 3344 1159 3414 ΙΙ
1175 3352 1387 3414 1ετοιξ.(]ιιαηῖι
1406 3339 1436 3417 Θ.
1454 3358 1507 3402 ter-

360 3437 518 3504 tialquarta
536 3438 564 3487 H
583 3437 673 3500 (tertia
683 3471 691 3487 .
702 3437 799 3501 quarte
816 3435 882 3492 de,
901 3429 1157 3499 tertiamlquartem
1174 3449 1201 3494 c,
1223 3437 1431 3500 tert15.quarte
1448 3445 1507 3488 onte

360 3539 430 3574 corr.
445 3514 469 3580 l}
486 3519 544 3572 {cra
555 3525 633 3586 parte
646 3520 675 3584 Ι).
691 3516 706 3586 11,
721 3503 764 3570 die
778 3519 818 3569 sol
832 3520 868 3568 sit
881 3517 962 3568 ΕΘΗ
972 3517 1055 3580 (Llelr,
1067 3520 1116 3568 aed
1126 3519 1155 3567 110
1164 3525 1226 3583 post
1243 3519 1447 3572 discrimem:
1467 3523 1507 3573 sol
1575 3525 1581 3538 '

361 3622 423 3657 cum
435 3605 473 3656 sit
481 3604 559 3670 loc).
570 3601 582 3671 ll
595 3609 611 3656 9
623 3605 690 3655 luna
701 3607 791 3654 autem
802 3629 832 3638 -
846 3601 1018 3652 occidentem
1028 3602 1076 3652 ΕΘ
1083 3619 1089 3652 :
1103 3619 1148 3653 om.
1160 3604 1188 3651 H
1197 3601 1267 3668 (Llc)
1278 3603 1324 3665 (ad
1334 3607 1506 3657 occidentem

359 3690 446 3755 medi!
456 3705 487 3740 as
500 3689 573 3740 caeli
584 3690 633 3753 H).
650 3686 663 3756 Η
679 3691 711 3738 10
723 3687 856 3737 diamidia
865 3686 898 3739 E.
915 3683 927 3751 ΙΙ
943 3686 1032 3751 spatio
1041 3686 1159 3736 distaret
1169 3687 1246 3737 ΕΘΗ
1256 3687 1437 3754 (distemus).
1450 3688 1462 3756 ll
1475 3694 1503 3740 ll

360 3775 503 3826 dimidiam
524 3773 547 3822 E
553 3791 560 3823 :
579 3773 692 3823 dimidia
711 3774 762 3823 GH
781 3773 822 3835 (lc,
836 3770 967 3820 dimidiae
987 3772 1031 3831 L).
1054 3767 1066 3836 Η
1090 3773 1121 3820 13
1139 3770 1240 3820 orienti
1259 3771 1300 3821 sol
1318 3775 1394 3823 trans
1412 3779 1506 3824 contra

359 3863 398 3915 sit
415 3874 463 3924 epo
482 3854 527 3921 (cs.
542 3875 570 3924 p.
589 3861 648 3918 219,
668 3857 707 3920 7):
736 3856 850 3907 orientis
873 3854 916 3905 sol
938 3860 1016 3905 trans
1040 3855 1074 3904 cri
1098 3853 1169 3919 (cum
1189 3856 1246 3918 Lle)
1271 3858 1372 3906 transit
1390 3859 1419 3906 H
1435 3857 1505 3922 (hle,

358 3945 408 3994 aed
421 3943 497 4008 priua
514 3948 592 3993 trans
610 3943 661 3996 del.
680 3939 742 4004 Lo),
766 3939 879 3990 orientis
898 3938 939 3988 sol
957 3939 991 3988 cir
1009 3937 1110 3988 transit
1128 3939 1149 3987 Θ
1168 3935 1227 3999 (sed
1243 3940 1277 3987 cri
1296 3941 1323 3988 in
1340 3955 1395 3990 ras.
1412 3957 1462 4005 pro
1480 3948 1506 3990 tr

358 4028 486 4092 scriptori
501 4030 579 4076 trans
597 4035 624 4077 ut
642 4024 693 4090 H),
713 4023 880 4076 orienti.sol
898 4023 1001 4072 transit
1017 4023 1050 4071 Ε.
1075 4017 1087 4088 Η
1112 4023 1143 4070 14
1161 4036 1215 4085 quo
1233 4022 1313 4074 ΕΘΗ
1330 4024 1372 4086 (L,
1391 4025 1464 4087 qnod
1481 4042 1503 4081 r,

360 4116 395 4196 tr
414 4129 438 4190 a,
458 4127 496 4192 qr
512 4126 541 4192 ι).
565 4123 579 4192 11
601 4127 675 4177 assu
698 4127 758 4177 aa:
787 4126 856 4174 arsa
877 4124 907 4172 H
929 4122 1010 4187 (ure).
1033 4119 1046 4189 Η
1069 4122 1168 4173 unu·
1186 4123 1244 4173 ou:
1270 4126 1308 4174 ue
1328 4124 1414 4175 rou.
1437 4122 1450 4192 fl
1473 4129 1504 4176 rs

359 4213 505 4263 cotidiana
525 4212 555 4262 Ε.
577 4208 589 4278 ΙΙ
609 4213 639 4263 17
660 4225 753 4261 cursu:
772 4211 810 4259 aie
828 4207 913 4259 ΕΘΗ.
930 4202 942 4272 ΙΙ
960 4209 991 4257 18
1010 4210 1038 4256 et
1055 4208 1109 4259 ede:
1129 4206 1206 4257 &ram
1226 4207 1323 4270 (etiam
1337 4207 1369 4271 Θ)
1388 4209 1474 4259 ΕΘΗ.
1490 4209 1501 4273 {l

360 4297 480 4348 effecere
493 4304 553 4347 ante
562 4312 632 4363 corr,
644 4297 681 4346 H.
695 4292 750 4362 1119
764 4291 931 4344 aristarchus
945 4287 1040 4355 (-cus
1052 4291 1087 4353 Ε)
1097 4292 1147 4342 ΕΘ
1152 4308 1158 4340 :
1173 4291 1334 4356 arhistart(c
1343 4296 1413 4359 L)us
1422 4296 1453 4343 H
1460 4296 1503 4361 (L,

359 4381 533 4431 aristharcus
542 4381 580 4439 cd,
591 4380 743 4430 aristarcus
752 4378 781 4441 ἱ).
793 4375 805 4442 ss
817 4378 850 4426 20
859 4375 1006 4426 varietatis
1015 4383 1075 4425 ante
1085 4392 1153 4453 corr.
1166 4377 1200 4427 G:
1213 4381 1289 4427 τινε
1299 4375 1355 4429 ΕΗ
1363 4379 1476 4442 (ectu).
1489 4378 1493 4447 Ι

359 4480 389 4516 re
408 4464 523 4529 reliquit
535 4480 594 4530 epo:
614 4461 732 4528 reliquid
752 4461 805 4511 GH
815 4459 858 4524 (lc,
878 4460 973 4524 -quit
988 4459 1046 4521 tu),
1060 4475 1088 4508 re
1101 4459 1205 4524 aliquid
1218 4461 1251 4511 Ε.
1263 4457 1275 4527 ΙΙ
1287 4463 1318 4511 21
1330 4463 1413 4513 latet:
1432 4464 1504 4514 luter

357 4555 389 4601 lc.
403 4547 416 4616 ΙΙ
426 4548 520 4608 lunam
533 4563 610 4598 suum
623 4546 705 4596 ΕΘΗ
716 4542 782 4608 (non
794 4547 855 4596 add.
868 4545 934 4599 doe..
948 4546 1066 4594 sedante
1079 4543 1202 4606 habere).
1219 4543 1231 4610 ll
1247 4560 1325 4594 suum
1338 4547 1428 4597 lumen
1441 4565 1502 4614 pro·

357 4652 447 4717 prium
466 4651 571 4701 habere
589 4650 629 4714 ol,
648 4635 727 4713 sulm
744 4646 836 4696 lumen
854 4659 930 4695 suum
947 4644 1084 4710 proprium
1102 4643 1132 4694 h.
1149 4647 1165 4695 l.
1188 4642 1201 4712 ΙΙ
1227 4649 1260 4696 22
1279 4648 1314 4698 ab
1333 4649 1423 4714 ΕΘΗ,
1446 4653 1502 4700 item

356 4752 385 4800 p.
404 4752 459 4801 aeq.
479 4754 504 4786 v.
523 4739 539 4784 5
558 4734 610 4799 (ubi
628 4750 645 4783 a
662 4730 709 4797 Ε),
728 4736 751 4789 7,
771 4734 803 4781 12
822 4728 874 4793 (ubi
892 4744 909 4778 a
926 4727 994 4791 ΕΘ),
1012 4729 1061 4778 sed
1075 4747 1098 4780 a
1117 4732 1134 4780 8
1152 4746 1169 4780 a
1187 4730 1245 4783 sole
1262 4731 1348 4784 ΕΘΗ.

395 4835 512 4874 vtruuv.
532 4835 567 4870 nr
587 4834 701 4885 uuqurr.
1261 4814 1300 4878 15
