<?xml version="1.0" encoding="UTF-8"?>
<!DOCTYPE html PUBLIC "-//W3C//DTD XHTML 1.0 Transitional//EN"
    "http://www.w3.org/TR/xhtml1/DTD/xhtml1-transitional.dtd">
<html xmlns="http://www.w3.org/1999/xhtml" xml:lang="en" lang="en">
 <head>
  <title>
</title>
<meta http-equiv="Content-Type" content="text/html;charset=utf-8" />
  <meta name='ocr-system' content='tesseract 3.04.00' />
  <meta name='ocr-capabilities' content='ocr_page ocr_carea ocr_par ocr_line ocrx_word'/>
</head>
<body>
  <div class='ocr_page' id='page_1' title='image "./vitruviidearchi01strgoog_0170.png"; bbox 0 0 3784 5625; ppageno 0'>
   <div class='ocr_carea' id='block_1_1' title="bbox 376 647 1019 709">
    <p class='ocr_par' dir='ltr' id='par_1_1' title="bbox 376 647 1019 709">
     <span class='ocr_line' id='line_1_1' title="bbox 376 647 1019 709; baseline -0.009 -1"><span class='ocrx_word' id='word_1_1' title='bbox 376 647 435 709; x_wconf 78' lang='lat'>152</span> <span class='ocrx_word' id='word_1_2' title='bbox 862 658 1019 703; x_wconf 79' lang='lat' dir='ltr'>vrrrruvrr</span> 
     </span>
    </p>
   </div>
   <div class='ocr_carea' id='block_1_2' title="bbox 297 809 1554 2828">
    <p class='ocr_par' dir='ltr' id='par_1_2' title="bbox 297 809 1554 2828">
     <span class='ocr_line' id='line_1_2' title="bbox 372 809 1515 899; baseline -0.001 -21"><span class='ocrx_word' id='word_1_3' title='bbox 372 816 598 893; x_wconf 79' lang='lat' dir='ltr'>instituentur,</span> <span class='ocrx_word' id='word_1_4' title='bbox 623 811 829 874; x_wconf 82' lang='lat' dir='ltr'>fundationes</span> <span class='ocrx_word' id='word_1_5' title='bbox 853 832 963 872; x_wconf 89' lang='lat' dir='ltr'>eorum</span> <span class='ocrx_word' id='word_1_6' title='bbox 985 809 1056 873; x_wconf 91' lang='lat' dir='ltr'>fieri</span> <span class='ocrx_word' id='word_1_7' title='bbox 1078 810 1199 875; x_wconf 88' lang='lat' dir='ltr'>debent</span> <span class='ocrx_word' id='word_1_8' title='bbox 1221 813 1398 877; x_wconf 80' lang='lat' dir='ltr'>crassiores</span> <span class='ocrx_word' id='word_1_9' title='bbox 1421 836 1515 899; x_wconf 87' lang='lat' dir='ltr'>quam</span> 
     </span>
     <span class='ocr_line' id='line_1_3' title="bbox 374 910 1514 1001; baseline -0.001 -23"><span class='ocrx_word' id='word_1_10' title='bbox 374 937 456 1001; x_wconf 91' lang='lat' dir='ltr'>quae</span> <span class='ocrx_word' id='word_1_11' title='bbox 483 916 517 977; x_wconf 92' lang='lat' dir='ltr'>in</span> <span class='ocrx_word' id='word_1_12' title='bbox 547 912 767 998; x_wconf 87' lang='lat' dir='ltr'>superioribus</span> <span class='ocrx_word' id='word_1_13' title='bbox 796 910 955 974; x_wconf 89' lang='lat' dir='ltr'>aedificiis</span> <span class='ocrx_word' id='word_1_14' title='bbox 983 922 1164 975; x_wconf 80' lang='lat' dir='ltr'>structurae</span> <span class='ocrx_word' id='word_1_15' title='bbox 1186 922 1261 975; x_wconf 91' lang='lat' dir='ltr'>sunt</span> <span class='ocrx_word' id='word_1_16' title='bbox 1283 912 1431 996; x_wconf 87' lang='lat' dir='ltr'>futurae,</span> <span class='ocrx_word' id='word_1_17' title='bbox 1464 936 1514 977; x_wconf 90' lang='lat' dir='ltr'>eo·</span> 
     </span>
     <span class='ocr_line' id='line_1_4' title="bbox 373 1010 1515 1101; baseline 0 -21"><span class='ocrx_word' id='word_1_18' title='bbox 373 1038 508 1101; x_wconf 89' lang='lat' dir='ltr'>rumque</span> <span class='ocrx_word' id='word_1_19' title='bbox 524 1016 664 1101; x_wconf 89' lang='lat' dir='ltr'>parietes</span> <span class='ocrx_word' id='word_1_20' title='bbox 679 1012 766 1099; x_wconf 88' lang='lat' dir='ltr'>pilae</span> <span class='ocrx_word' id='word_1_21' title='bbox 783 1010 950 1076; x_wconf 88' lang='lat' dir='ltr'>columnae</span> <span class='ocrx_word' id='word_1_22' title='bbox 972 1013 1015 1076; x_wconf 90' lang='lat' dir='ltr'>ad</span> <span class='ocrx_word' id='word_1_23' title='bbox 1037 1013 1305 1100; x_wconf 89' lang='lat' dir='ltr'>perpendiculum</span> <span class='ocrx_word' id='word_1_24' title='bbox 1327 1014 1515 1080; x_wconf 88' lang='lat' dir='ltr'>inferiorum</span> 
     </span>
     <span class='ocr_line' id='line_1_5' title="bbox 374 1114 1515 1204; baseline -0.001 -24"><span class='ocrx_word' id='word_1_25' title='bbox 374 1117 480 1181; x_wconf 91' lang='lat' dir='ltr'>medio</span> <span class='ocrx_word' id='word_1_26' title='bbox 503 1114 726 1195; x_wconf 86' lang='lat' dir='ltr'>conlocentur,</span> <span class='ocrx_word' id='word_1_27' title='bbox 753 1115 803 1178; x_wconf 91' lang='lat' dir='ltr'>uti</span> <span class='ocrx_word' id='word_1_28' title='bbox 830 1114 934 1178; x_wconf 90' lang='lat' dir='ltr'>solido</span> <span class='ocrx_word' id='word_1_29' title='bbox 963 1115 1190 1201; x_wconf 85' lang='lat' dir='ltr'>respondeant.</span> <span class='ocrx_word' id='word_1_30' title='bbox 1234 1138 1310 1178; x_wconf 91' lang='lat' dir='ltr'>nam</span> <span class='ocrx_word' id='word_1_31' title='bbox 1333 1118 1363 1179; x_wconf 91' lang='lat' dir='ltr'>si</span> <span class='ocrx_word' id='word_1_32' title='bbox 1384 1118 1420 1180; x_wconf 92' lang='lat' dir='ltr'>in</span> <span class='ocrx_word' id='word_1_33' title='bbox 1441 1139 1515 1204; x_wconf 90' lang='lat' dir='ltr'>pen-</span> 
     </span>
     <span class='ocr_line' id='line_1_6' title="bbox 341 1216 1516 1306; baseline 0.003 -26"><span class='ocrx_word' id='word_1_34' title='bbox 341 1220 527 1283; x_wconf 77' lang='lat' dir='ltr'>adentibus</span> <span class='ocrx_word' id='word_1_35' title='bbox 555 1240 653 1281; x_wconf 87' lang='lat' dir='ltr'>onera</span> <span class='ocrx_word' id='word_1_36' title='bbox 681 1216 803 1279; x_wconf 87' lang='lat' dir='ltr'>fuerint</span> <span class='ocrx_word' id='word_1_37' title='bbox 830 1217 990 1301; x_wconf 86' lang='lat' dir='ltr'>parietum</span> <span class='ocrx_word' id='word_1_38' title='bbox 1018 1225 1074 1280; x_wconf 91' lang='lat' dir='ltr'>aut</span> <span class='ocrx_word' id='word_1_39' title='bbox 1102 1216 1341 1300; x_wconf 88' lang='lat' dir='ltr'>columnarum,</span> <span class='ocrx_word' id='word_1_40' title='bbox 1369 1241 1436 1283; x_wconf 92' lang='lat' dir='ltr'>non</span> <span class='ocrx_word' id='word_1_41' title='bbox 1463 1242 1516 1306; x_wconf 94' lang='lat' dir='ltr'>po·</span> 
     </span>
     <span class='ocr_line' id='line_1_7' title="bbox 375 1318 1547 1404; baseline -0.005 -18"><span class='ocrx_word' id='word_1_42' title='bbox 375 1330 482 1386; x_wconf 91' lang='lat' dir='ltr'>terunt</span> <span class='ocrx_word' id='word_1_43' title='bbox 511 1320 631 1384; x_wconf 86' lang='lat' dir='ltr'>habere</span> <span class='ocrx_word' id='word_1_44' title='bbox 653 1327 842 1404; x_wconf 91' lang='lat' dir='ltr'>perpetuam</span> <span class='ocrx_word' id='word_1_45' title='bbox 864 1318 1061 1381; x_wconf 87' lang='lat' dir='ltr'>firmitatem.</span> <span class='ocrx_word' id='word_1_46' title='bbox 1110 1328 1278 1404; x_wconf 89' lang='lat' dir='ltr'>praeterea</span> <span class='ocrx_word' id='word_1_47' title='bbox 1299 1320 1386 1383; x_wconf 89' lang='lat' dir='ltr'>inter</span> <span class='ocrx_word' id='word_1_48' title='bbox 1408 1320 1547 1385; x_wconf 80' lang='lat' dir='ltr'>liminaa</span> 
     </span>
     <span class='ocr_line' id='line_1_8' title="bbox 376 1419 1520 1506; baseline -0.003 -20"><span class='ocrx_word' id='word_1_49' title='bbox 376 1421 553 1486; x_wconf 88' lang='lat' dir='ltr'>secundum</span> <span class='ocrx_word' id='word_1_50' title='bbox 583 1419 666 1506; x_wconf 92' lang='lat' dir='ltr'>pilas</span> <span class='ocrx_word' id='word_1_51' title='bbox 695 1430 726 1483; x_wconf 91' lang='lat' dir='ltr'>et</span> <span class='ocrx_word' id='word_1_52' title='bbox 753 1428 845 1483; x_wconf 90' lang='lat' dir='ltr'>antas</span> <span class='ocrx_word' id='word_1_53' title='bbox 874 1429 984 1505; x_wconf 90' lang='lat' dir='ltr'>postes</span> <span class='ocrx_word' id='word_1_54' title='bbox 1012 1421 1043 1482; x_wconf 91' lang='lat' dir='ltr'>si</span> <span class='ocrx_word' id='word_1_55' title='bbox 1064 1429 1304 1506; x_wconf 86' lang='lat' dir='ltr'>supponentur,</span> <span class='ocrx_word' id='word_1_56' title='bbox 1333 1432 1430 1485; x_wconf 89' lang='lat' dir='ltr'>crunt</span> <span class='ocrx_word' id='word_1_57' title='bbox 1457 1445 1520 1486; x_wconf 94' lang='lat' dir='ltr'>non</span> 
     </span>
     <span class='ocr_line' id='line_1_9' title="bbox 375 1521 1519 1588; baseline 0 -3"><span class='ocrx_word' id='word_1_58' title='bbox 375 1525 525 1587; x_wconf 87' lang='lat' dir='ltr'>vitiosae.</span> <span class='ocrx_word' id='word_1_59' title='bbox 568 1521 683 1584; x_wconf 90' lang='lat' dir='ltr'>limina</span> <span class='ocrx_word' id='word_1_60' title='bbox 710 1522 796 1583; x_wconf 89' lang='lat' dir='ltr'>enim</span> <span class='ocrx_word' id='word_1_61' title='bbox 826 1530 858 1584; x_wconf 93' lang='lat' dir='ltr'>et</span> <span class='ocrx_word' id='word_1_62' title='bbox 884 1521 995 1584; x_wconf 84' lang='lat' dir='ltr'>trabes</span> <span class='ocrx_word' id='word_1_63' title='bbox 1023 1523 1196 1586; x_wconf 88' lang='lat' dir='ltr'>structuris</span> <span class='ocrx_word' id='word_1_64' title='bbox 1224 1544 1297 1585; x_wconf 91' lang='lat' dir='ltr'>cum</span> <span class='ocrx_word' id='word_1_65' title='bbox 1320 1522 1388 1586; x_wconf 90' lang='lat' dir='ltr'>sint</span> <span class='ocrx_word' id='word_1_66' title='bbox 1410 1544 1519 1588; x_wconf 90' lang='lat' dir='ltr'>onera-</span> 
     </span>
     <span class='ocr_line' id='line_1_10' title="bbox 376 1622 1519 1708; baseline -0.003 -20"><span class='ocrx_word' id='word_1_67' title='bbox 376 1636 429 1689; x_wconf 86' lang='lat' dir='ltr'>tae</span> <span class='ocrx_word' id='word_1_68' title='bbox 441 1673 450 1705; x_wconf 97' lang='lat'>,</span> <span class='ocrx_word' id='word_1_69' title='bbox 484 1622 591 1685; x_wconf 90' lang='lat' dir='ltr'>medio</span> <span class='ocrx_word' id='word_1_70' title='bbox 619 1623 725 1707; x_wconf 85' lang='lat' dir='ltr'>spatio</span> <span class='ocrx_word' id='word_1_71' title='bbox 752 1622 934 1708; x_wconf 85' lang='lat' dir='ltr'>pandantes</span> <span class='ocrx_word' id='word_1_72' title='bbox 967 1623 1124 1707; x_wconf 82' lang='lat' dir='ltr'>frangunt</span> <span class='ocrx_word' id='word_1_73' title='bbox 1156 1622 1297 1688; x_wconf 89' lang='lat' dir='ltr'>sublisas</span> <span class='ocrx_word' id='word_1_74' title='bbox 1331 1633 1519 1688; x_wconf 86' lang='lat' dir='ltr'>structuras.</span> 
     </span>
     <span class='ocr_line' id='line_1_11' title="bbox 297 1722 1519 1812; baseline 0.004 -28"><span class='ocrx_word' id='word_1_75' title='bbox 297 1784 302 1793; x_wconf 80' lang='grc'><strong>,</strong></span> <span class='ocrx_word' id='word_1_76' title='bbox 329 1739 360 1785; x_wconf 86' lang='lat'>10</span> <span class='ocrx_word' id='word_1_77' title='bbox 378 1748 452 1789; x_wconf 92' lang='lat' dir='ltr'>cum</span> <span class='ocrx_word' id='word_1_78' title='bbox 466 1734 573 1788; x_wconf 91' lang='lat' dir='ltr'>autem</span> <span class='ocrx_word' id='word_1_79' title='bbox 589 1723 728 1788; x_wconf 90' lang='lat' dir='ltr'>subiecti</span> <span class='ocrx_word' id='word_1_80' title='bbox 743 1723 864 1787; x_wconf 87' lang='lat' dir='ltr'>fuerint</span> <span class='ocrx_word' id='word_1_81' title='bbox 886 1732 918 1787; x_wconf 88' lang='lat' dir='ltr'>et</span> <span class='ocrx_word' id='word_1_82' title='bbox 941 1722 1133 1787; x_wconf 85' lang='lat' dir='ltr'>subcuneati</span> <span class='ocrx_word' id='word_1_83' title='bbox 1155 1734 1282 1811; x_wconf 90' lang='lat' dir='ltr'>postes,</span> <span class='ocrx_word' id='word_1_84' title='bbox 1305 1747 1370 1790; x_wconf 92' lang='lat' dir='ltr'>non</span> <span class='ocrx_word' id='word_1_85' title='bbox 1392 1727 1519 1812; x_wconf 89' lang='lat' dir='ltr'>patiun-</span> 
     </span>
     <span class='ocr_line' id='line_1_12' title="bbox 377 1824 1550 1911; baseline -0.001 -19"><span class='ocrx_word' id='word_1_86' title='bbox 377 1839 431 1892; x_wconf 85' lang='lat' dir='ltr'>tur</span> <span class='ocrx_word' id='word_1_87' title='bbox 446 1827 589 1891; x_wconf 86' lang='lat' dir='ltr'>insidere</span> <span class='ocrx_word' id='word_1_88' title='bbox 610 1825 718 1889; x_wconf 89' lang='lat' dir='ltr'>trabes</span> <span class='ocrx_word' id='word_1_89' title='bbox 740 1847 846 1911; x_wconf 91' lang='lat' dir='ltr'>neque</span> <span class='ocrx_word' id='word_1_90' title='bbox 868 1848 921 1889; x_wconf 91' lang='lat' dir='ltr'>eas</span> <span class='ocrx_word' id='word_1_91' title='bbox 943 1824 1084 1889; x_wconf 87' lang='lat' dir='ltr'>laedere.</span> <span class='ocrx_word' id='word_1_92' title='bbox 1128 1826 1206 1889; x_wconf 89' lang='lat' dir='ltr'>item</span> <span class='ocrx_word' id='word_1_93' title='bbox 1228 1826 1550 1891; x_wconf 78' lang='lat' dir='ltr'>administrandums</span> 
     </span>
     <span class='ocr_line' id='line_1_13' title="bbox 379 1927 1521 2012; baseline 0.001 -21"><span class='ocrx_word' id='word_1_94' title='bbox 379 1938 428 1991; x_wconf 90' lang='lat' dir='ltr'>est</span> <span class='ocrx_word' id='word_1_95' title='bbox 449 1930 498 1993; x_wconf 92' lang='lat' dir='ltr'>uti</span> <span class='ocrx_word' id='word_1_96' title='bbox 520 1927 630 1991; x_wconf 90' lang='lat' dir='ltr'>levent</span> <span class='ocrx_word' id='word_1_97' title='bbox 652 1949 733 1989; x_wconf 89' lang='lat' dir='ltr'>onus</span> <span class='ocrx_word' id='word_1_98' title='bbox 755 1928 915 2012; x_wconf 88' lang='lat' dir='ltr'>parietum</span> <span class='ocrx_word' id='word_1_99' title='bbox 937 1927 1167 1991; x_wconf 83' lang='lat' dir='ltr'>fornicationes</span> <span class='ocrx_word' id='word_1_100' title='bbox 1191 1950 1366 1992; x_wconf 88' lang='lat' dir='ltr'>cuneorum</span> <span class='ocrx_word' id='word_1_101' title='bbox 1389 1929 1521 1993; x_wconf 82' lang='lat' dir='ltr'>divisio-</span> 
     </span>
     <span class='ocr_line' id='line_1_14' title="bbox 379 2028 1523 2116; baseline 0.002 -23"><span class='ocrx_word' id='word_1_102' title='bbox 379 2030 477 2093; x_wconf 88' lang='lat' dir='ltr'>nibus</span> <span class='ocrx_word' id='word_1_103' title='bbox 506 2040 537 2093; x_wconf 92' lang='lat' dir='ltr'>et</span> <span class='ocrx_word' id='word_1_104' title='bbox 564 2030 607 2092; x_wconf 92' lang='lat' dir='ltr'>ad</span> <span class='ocrx_word' id='word_1_105' title='bbox 628 2039 774 2092; x_wconf 90' lang='lat' dir='ltr'>centrum</span> <span class='ocrx_word' id='word_1_106' title='bbox 796 2028 1030 2116; x_wconf 85' lang='lat' dir='ltr'>respondentes</span> <span class='ocrx_word' id='word_1_107' title='bbox 1053 2050 1163 2092; x_wconf 90' lang='lat' dir='ltr'>earum</span> <span class='ocrx_word' id='word_1_108' title='bbox 1185 2028 1408 2094; x_wconf 90' lang='lat' dir='ltr'>conclusurae.</span> <span class='ocrx_word' id='word_1_109' title='bbox 1453 2052 1523 2095; x_wconf 91' lang='lat' dir='ltr'>cum</span> 
     </span>
     <span class='ocr_line' id='line_1_15' title="bbox 381 2129 1523 2217; baseline 0.001 -23"><span class='ocrx_word' id='word_1_110' title='bbox 381 2133 467 2195; x_wconf 88' lang='lat' dir='ltr'>enim</span> <span class='ocrx_word' id='word_1_111' title='bbox 501 2139 594 2194; x_wconf 83' lang='lat' dir='ltr'>extra</span> <span class='ocrx_word' id='word_1_112' title='bbox 625 2129 734 2194; x_wconf 90' lang='lat' dir='ltr'>trabes</span> <span class='ocrx_word' id='word_1_113' title='bbox 767 2140 823 2194; x_wconf 91' lang='lat' dir='ltr'>aut</span> <span class='ocrx_word' id='word_1_114' title='bbox 856 2129 1005 2194; x_wconf 90' lang='lat' dir='ltr'>liminum</span> <span class='ocrx_word' id='word_1_115' title='bbox 1033 2130 1140 2217; x_wconf 88' lang='lat' dir='ltr'>capita</span> <span class='ocrx_word' id='word_1_116' title='bbox 1166 2152 1261 2195; x_wconf 88' lang='lat' dir='ltr'>arcus</span> <span class='ocrx_word' id='word_1_117' title='bbox 1288 2133 1401 2196; x_wconf 86' lang='lat' dir='ltr'>cuneis</span> <span class='ocrx_word' id='word_1_118' title='bbox 1432 2140 1523 2195; x_wconf 89' lang='lat' dir='ltr'>erunt</span> 
     </span>
     <span class='ocr_line' id='line_1_16' title="bbox 332 2231 1524 2319; baseline 0.003 -29"><span class='ocrx_word' id='word_1_119' title='bbox 332 2244 363 2291; x_wconf 81' lang='lat'>15</span> <span class='ocrx_word' id='word_1_120' title='bbox 381 2232 563 2315; x_wconf 88' lang='lat' dir='ltr'>conclusae,</span> <span class='ocrx_word' id='word_1_121' title='bbox 584 2234 724 2319; x_wconf 91' lang='lat' dir='ltr'>primum</span> <span class='ocrx_word' id='word_1_122' title='bbox 739 2256 804 2296; x_wconf 92' lang='lat' dir='ltr'>non</span> <span class='ocrx_word' id='word_1_123' title='bbox 818 2232 977 2318; x_wconf 87' lang='lat' dir='ltr'>pandabit</span> <span class='ocrx_word' id='word_1_124' title='bbox 991 2234 1143 2296; x_wconf 90' lang='lat' dir='ltr'>materies</span> <span class='ocrx_word' id='word_1_125' title='bbox 1158 2231 1267 2296; x_wconf 89' lang='lat' dir='ltr'>levata</span> <span class='ocrx_word' id='word_1_126' title='bbox 1281 2254 1391 2314; x_wconf 87' lang='lat' dir='ltr'>onere,</span> <span class='ocrx_word' id='word_1_127' title='bbox 1408 2232 1524 2297; x_wconf 91' lang='lat' dir='ltr'>deinde</span> 
     </span>
     <span class='ocr_line' id='line_1_17' title="bbox 382 2333 1524 2421; baseline 0.001 -23"><span class='ocrx_word' id='word_1_128' title='bbox 382 2336 408 2398; x_wconf 89' lang='lat' dir='ltr'>si</span> <span class='ocrx_word' id='word_1_129' title='bbox 438 2334 525 2421; x_wconf 89' lang='lat' dir='ltr'>quod</span> <span class='ocrx_word' id='word_1_130' title='bbox 547 2343 710 2398; x_wconf 88' lang='lat' dir='ltr'>vetustate</span> <span class='ocrx_word' id='word_1_131' title='bbox 738 2335 856 2398; x_wconf 89' lang='lat' dir='ltr'>vitium</span> <span class='ocrx_word' id='word_1_132' title='bbox 879 2335 1013 2419; x_wconf 90' lang='lat' dir='ltr'>ceperit,</span> <span class='ocrx_word' id='word_1_133' title='bbox 1043 2335 1114 2396; x_wconf 90' lang='lat' dir='ltr'>sine</span> <span class='ocrx_word' id='word_1_134' title='bbox 1135 2333 1304 2398; x_wconf 89' lang='lat' dir='ltr'>molitione</span> <span class='ocrx_word' id='word_1_135' title='bbox 1330 2333 1524 2399; x_wconf 87' lang='lat' dir='ltr'>fulturarum</span> 
     </span>
     <span class='ocr_line' id='line_1_18' title="bbox 381 2433 1523 2521; baseline 0.002 -23"><span class='ocrx_word' id='word_1_136' title='bbox 381 2435 523 2500; x_wconf 88' lang='lat' dir='ltr'>faciliter</span> <span class='ocrx_word' id='word_1_137' title='bbox 544 2435 733 2500; x_wconf 87' lang='lat' dir='ltr'>mutabitur.</span> <span class='ocrx_word' id='word_1_138' title='bbox 777 2436 919 2520; x_wconf 88' lang='lat' dir='ltr'>itemque</span> <span class='ocrx_word' id='word_1_139' title='bbox 942 2456 1024 2520; x_wconf 91' lang='lat' dir='ltr'>quac</span> <span class='ocrx_word' id='word_1_140' title='bbox 1052 2433 1179 2521; x_wconf 91' lang='lat' dir='ltr'>pilatim</span> <span class='ocrx_word' id='word_1_141' title='bbox 1201 2444 1343 2519; x_wconf 71' lang='lat' dir='ltr'>agimtur</span> <span class='ocrx_word' id='word_1_142' title='bbox 1363 2435 1523 2519; x_wconf 87' lang='lat' dir='ltr'>aedificia,</span> 
     </span>
     <span class='ocr_line' id='line_1_19' title="bbox 382 2536 1554 2625; baseline -0.002 -24"><span class='ocrx_word' id='word_1_143' title='bbox 382 2560 454 2601; x_wconf 89' lang='lat' dir='ltr'>cum</span> <span class='ocrx_word' id='word_1_144' title='bbox 477 2560 651 2602; x_wconf 89' lang='lat' dir='ltr'>cuneorum</span> <span class='ocrx_word' id='word_1_145' title='bbox 680 2537 900 2601; x_wconf 87' lang='lat' dir='ltr'>divisionibus</span> <span class='ocrx_word' id='word_1_146' title='bbox 928 2538 1128 2621; x_wconf 86' lang='lat' dir='ltr'>coagmentis</span> <span class='ocrx_word' id='word_1_147' title='bbox 1155 2536 1198 2599; x_wconf 91' lang='lat' dir='ltr'>ad</span> <span class='ocrx_word' id='word_1_148' title='bbox 1226 2547 1373 2601; x_wconf 89' lang='lat' dir='ltr'>centrum</span> <span class='ocrx_word' id='word_1_149' title='bbox 1394 2552 1554 2625; x_wconf 79' lang='lat' dir='ltr'>respon-4</span> 
     </span>
     <span class='ocr_line' id='line_1_20' title="bbox 383 2638 1524 2724; baseline 0.001 -23"><span class='ocrx_word' id='word_1_150' title='bbox 383 2639 535 2704; x_wconf 88' lang='lat' dir='ltr'>dentibus</span> <span class='ocrx_word' id='word_1_151' title='bbox 558 2639 698 2704; x_wconf 86' lang='lat' dir='ltr'>fornices</span> <span class='ocrx_word' id='word_1_152' title='bbox 714 2638 961 2719; x_wconf 91' lang='lat' dir='ltr'>concluduntur,</span> <span class='ocrx_word' id='word_1_153' title='bbox 984 2646 1150 2701; x_wconf 86' lang='lat' dir='ltr'>extremae</span> <span class='ocrx_word' id='word_1_154' title='bbox 1166 2638 1251 2724; x_wconf 87' lang='lat' dir='ltr'>pilae</span> <span class='ocrx_word' id='word_1_155' title='bbox 1271 2639 1306 2701; x_wconf 91' lang='lat' dir='ltr'>in</span> <span class='ocrx_word' id='word_1_156' title='bbox 1319 2638 1372 2702; x_wconf 93' lang='lat' dir='ltr'>his</span> <span class='ocrx_word' id='word_1_157' title='bbox 1395 2638 1524 2704; x_wconf 87' lang='lat' dir='ltr'>latiores</span> 
     </span>
     <span class='ocr_line' id='line_1_21' title="bbox 335 2738 1525 2828; baseline 0.005 -29"><span class='ocrx_word' id='word_1_158' title='bbox 335 2752 368 2799; x_wconf 78' lang='lat'>‘20</span> <span class='ocrx_word' id='word_1_159' title='bbox 386 2742 492 2827; x_wconf 90' lang='lat' dir='ltr'>spatio</span> <span class='ocrx_word' id='word_1_160' title='bbox 515 2750 590 2803; x_wconf 92' lang='lat' dir='ltr'>sunt</span> <span class='ocrx_word' id='word_1_161' title='bbox 604 2739 788 2823; x_wconf 90' lang='lat' dir='ltr'>faciundae,</span> <span class='ocrx_word' id='word_1_162' title='bbox 810 2743 861 2805; x_wconf 92' lang='lat' dir='ltr'>uti</span> <span class='ocrx_word' id='word_1_163' title='bbox 875 2742 963 2803; x_wconf 87' lang='lat' dir='ltr'>vires</span> <span class='ocrx_word' id='word_1_164' title='bbox 980 2762 1035 2803; x_wconf 89' lang='lat' dir='ltr'>cae</span> <span class='ocrx_word' id='word_1_165' title='bbox 1050 2738 1207 2805; x_wconf 88' lang='lat' dir='ltr'>habentes</span> <span class='ocrx_word' id='word_1_166' title='bbox 1222 2741 1376 2803; x_wconf 90' lang='lat' dir='ltr'>resistere</span> <span class='ocrx_word' id='word_1_167' title='bbox 1391 2743 1525 2828; x_wconf 87' lang='lat' dir='ltr'>possint,</span> 
     </span>
    </p>
   </div>
   <div class='ocr_carea' id='block_1_3' title="bbox 335 2841 1556 3315">
    <p class='ocr_par' dir='ltr' id='par_1_3' title="bbox 384 2841 1526 3234">
     <span class='ocr_line' id='line_1_22' title="bbox 384 2841 1525 2931; baseline 0 -27"><span class='ocrx_word' id='word_1_168' title='bbox 384 2865 458 2905; x_wconf 91' lang='lat' dir='ltr'>cum</span> <span class='ocrx_word' id='word_1_169' title='bbox 486 2843 579 2905; x_wconf 89' lang='lat' dir='ltr'>cunei</span> <span class='ocrx_word' id='word_1_170' title='bbox 607 2841 649 2906; x_wconf 91' lang='lat' dir='ltr'>ab</span> <span class='ocrx_word' id='word_1_171' title='bbox 678 2842 830 2908; x_wconf 89' lang='lat' dir='ltr'>oneribus</span> <span class='ocrx_word' id='word_1_172' title='bbox 857 2842 1018 2928; x_wconf 87' lang='lat' dir='ltr'>parietum</span> <span class='ocrx_word' id='word_1_173' title='bbox 1045 2845 1151 2929; x_wconf 90' lang='lat' dir='ltr'>pressi</span> <span class='ocrx_word' id='word_1_174' title='bbox 1177 2865 1236 2931; x_wconf 87' lang='lat' dir='ltr'>per</span> <span class='ocrx_word' id='word_1_175' title='bbox 1264 2852 1458 2927; x_wconf 84' lang='lat' dir='ltr'>coagmenta</span> <span class='ocrx_word' id='word_1_176' title='bbox 1484 2841 1525 2906; x_wconf 89' lang='lat' dir='ltr'>ad</span> 
     </span>
     <span class='ocr_line' id='line_1_23' title="bbox 385 2943 1526 3032; baseline 0.002 -26"><span class='ocrx_word' id='word_1_177' title='bbox 385 2952 531 3006; x_wconf 86' lang='lat' dir='ltr'>centrum</span> <span class='ocrx_word' id='word_1_178' title='bbox 553 2964 588 3006; x_wconf 91' lang='lat' dir='ltr'>se</span> <span class='ocrx_word' id='word_1_179' title='bbox 610 2953 792 3029; x_wconf 89' lang='lat' dir='ltr'>prementes</span> <span class='ocrx_word' id='word_1_180' title='bbox 816 2943 991 3008; x_wconf 83' lang='lat' dir='ltr'>extrudant</span> <span class='ocrx_word' id='word_1_181' title='bbox 1015 2943 1195 3008; x_wconf 87' lang='lat' dir='ltr'>incumbas.</span> <span class='ocrx_word' id='word_1_182' title='bbox 1239 2946 1351 3030; x_wconf 87' lang='lat' dir='ltr'>itaque</span> <span class='ocrx_word' id='word_1_183' title='bbox 1373 2947 1402 3008; x_wconf 91' lang='lat' dir='ltr'>si</span> <span class='ocrx_word' id='word_1_184' title='bbox 1429 2967 1526 3032; x_wconf 83' lang='lat' dir='ltr'>angu-</span> 
     </span>
     <span class='ocr_line' id='line_1_24' title="bbox 385 3043 1526 3132; baseline 0.002 -24"><span class='ocrx_word' id='word_1_185' title='bbox 385 3045 468 3108; x_wconf 89' lang='lat' dir='ltr'>lares</span> <span class='ocrx_word' id='word_1_186' title='bbox 490 3043 577 3130; x_wconf 92' lang='lat' dir='ltr'>pilae</span> <span class='ocrx_word' id='word_1_187' title='bbox 600 3053 693 3108; x_wconf 90' lang='lat' dir='ltr'>erunt</span> <span class='ocrx_word' id='word_1_188' title='bbox 707 3047 860 3132; x_wconf 89' lang='lat' dir='ltr'>spatiosis</span> <span class='ocrx_word' id='word_1_189' title='bbox 875 3045 1168 3130; x_wconf 83' lang='lat' dir='ltr'>magnitudinibus,</span> <span class='ocrx_word' id='word_1_190' title='bbox 1191 3044 1389 3110; x_wconf 82' lang='lat' dir='ltr'>continendo</span> <span class='ocrx_word' id='word_1_191' title='bbox 1410 3068 1526 3111; x_wconf 91' lang='lat' dir='ltr'>cuneos</span> 
     </span>
     <span class='ocr_line' id='line_1_25' title="bbox 386 3146 987 3234; baseline -0.002 -23"><span class='ocrx_word' id='word_1_192' title='bbox 386 3148 572 3211; x_wconf 88' lang='lat' dir='ltr'>firmitatem</span> <span class='ocrx_word' id='word_1_193' title='bbox 595 3146 747 3234; x_wconf 89' lang='lat' dir='ltr'>operibus</span> <span class='ocrx_word' id='word_1_194' title='bbox 763 3147 987 3234; x_wconf 86' lang='lat' dir='ltr'>praestabunt.</span> 
     </span>
    </p>

    <p class='ocr_par' dir='ltr' id='par_1_4' title="bbox 335 3249 1556 3315">
     <span class='ocr_line' id='line_1_26' title="bbox 335 3249 1556 3315; baseline -0.002 -1"><span class='ocrx_word' id='word_1_195' title='bbox 335 3257 367 3306; x_wconf 79' lang='lat'>25</span> <span class='ocrx_word' id='word_1_196' title='bbox 471 3249 554 3314; x_wconf 83' lang='lat' dir='ltr'>Cum</span> <span class='ocrx_word' id='word_1_197' title='bbox 589 3251 625 3313; x_wconf 90' lang='lat' dir='ltr'>in</span> <span class='ocrx_word' id='word_1_198' title='bbox 655 3250 706 3314; x_wconf 90' lang='lat' dir='ltr'>his</span> <span class='ocrx_word' id='word_1_199' title='bbox 740 3249 836 3315; x_wconf 89' lang='lat' dir='ltr'>rebus</span> <span class='ocrx_word' id='word_1_200' title='bbox 872 3249 1136 3314; x_wconf 83' lang='lat' dir='ltr'>animadversum</span> <span class='ocrx_word' id='word_1_201' title='bbox 1170 3249 1271 3314; x_wconf 87' lang='lat' dir='ltr'>fuerit</span> <span class='ocrx_word' id='word_1_202' title='bbox 1302 3251 1353 3314; x_wconf 91' lang='lat' dir='ltr'>uti</span> <span class='ocrx_word' id='word_1_203' title='bbox 1385 3271 1423 3312; x_wconf 91' lang='lat' dir='ltr'>ea</span> <span class='ocrx_word' id='word_1_204' title='bbox 1456 3250 1556 3314; x_wconf 84' lang='lat' dir='ltr'>dili-5</span> 
     </span>
    </p>
   </div>
   <div class='ocr_carea' id='block_1_4' title="bbox 388 3417 1531 3924">
    <p class='ocr_par' dir='ltr' id='par_1_5' title="bbox 388 3417 1531 3924">
     <span class='ocr_line' id='line_1_27' title="bbox 455 3417 1529 3489; baseline 0.001 -18"><span class='ocrx_word' id='word_1_205' title='bbox 455 3423 472 3471; x_wconf 80' lang='lat'>5</span> <span class='ocrx_word' id='word_1_206' title='bbox 488 3425 619 3484; x_wconf 87' lang='lat' dir='ltr'>poterunt</span> <span class='ocrx_word' id='word_1_207' title='bbox 637 3423 670 3472; x_wconf 85' lang='lat' dir='ltr'>G:</span> <span class='ocrx_word' id='word_1_208' title='bbox 689 3425 812 3489; x_wconf 86' lang='lat' dir='ltr'>poterint</span> <span class='ocrx_word' id='word_1_209' title='bbox 829 3425 860 3472; x_wconf 88' lang='lat' dir='ltr'><em>H</em></span> <span class='ocrx_word' id='word_1_210' title='bbox 875 3422 956 3488; x_wconf 84' lang='lat' dir='ltr'>(Llc).</span> <span class='ocrx_word' id='word_1_211' title='bbox 972 3419 984 3488; x_wconf 86' lang='grc' dir='ltr'>ΙΙ</span> <span class='ocrx_word' id='word_1_212' title='bbox 1000 3424 1015 3472; x_wconf 86' lang='grc'>6</span> <span class='ocrx_word' id='word_1_213' title='bbox 1033 3421 1129 3471; x_wconf 87' lang='lat' dir='ltr'>limina</span> <span class='ocrx_word' id='word_1_214' title='bbox 1147 3423 1187 3471; x_wconf 82' lang='lat' dir='ltr'>ed.</span> <span class='ocrx_word' id='word_1_215' title='bbox 1208 3417 1308 3484; x_wconf 84' lang='lat' dir='ltr'>(utv.8</span> <span class='ocrx_word' id='word_1_216' title='bbox 1325 3423 1369 3474; x_wconf 79' lang='lat' dir='ltr'>ubi</span> <span class='ocrx_word' id='word_1_217' title='bbox 1390 3430 1474 3473; x_wconf 82' lang='lat' dir='ltr'>tamen</span> <span class='ocrx_word' id='word_1_218' title='bbox 1490 3423 1529 3472; x_wconf 87' lang='lat' dir='ltr'>ln-</span> 
     </span>
     <span class='ocr_line' id='line_1_28' title="bbox 388 3502 1530 3574; baseline 0.002 -21"><span class='ocrx_word' id='word_1_219' title='bbox 388 3506 462 3554; x_wconf 89' lang='lat' dir='ltr'>mina</span> <span class='ocrx_word' id='word_1_220' title='bbox 480 3504 536 3569; x_wconf 80' lang='lat' dir='ltr'>cfr):</span> <span class='ocrx_word' id='word_1_221' title='bbox 556 3506 660 3556; x_wconf 90' lang='lat' dir='ltr'>lumina</span> <span class='ocrx_word' id='word_1_222' title='bbox 679 3508 736 3557; x_wconf 91' lang='lat' dir='ltr'>GH.</span> <span class='ocrx_word' id='word_1_223' title='bbox 755 3504 766 3573; x_wconf 84' lang='grc' dir='ltr'>ΙΙ</span> <span class='ocrx_word' id='word_1_224' title='bbox 784 3510 798 3558; x_wconf 77' lang='lat' dir='ltr'>‘t</span> <span class='ocrx_word' id='word_1_225' title='bbox 816 3511 1004 3574; x_wconf 90' lang='lat' dir='ltr'>supponantur</span> <span class='ocrx_word' id='word_1_226' title='bbox 1021 3515 1081 3558; x_wconf 85' lang='lat' dir='ltr'>ante</span> <span class='ocrx_word' id='word_1_227' title='bbox 1098 3523 1166 3557; x_wconf 83' lang='lat' dir='ltr'>corr.</span> <span class='ocrx_word' id='word_1_228' title='bbox 1185 3507 1222 3556; x_wconf 88' lang='lat' dir='ltr'>H.</span> <span class='ocrx_word' id='word_1_229' title='bbox 1243 3502 1255 3572; x_wconf 77' lang='grc' dir='ltr'>(Ι</span> <span class='ocrx_word' id='word_1_230' title='bbox 1278 3509 1294 3556; x_wconf 85' lang='grc'>9</span> <span class='ocrx_word' id='word_1_231' title='bbox 1311 3507 1467 3571; x_wconf 87' lang='lat' dir='ltr'>pandantes</span> <span class='ocrx_word' id='word_1_232' title='bbox 1482 3507 1530 3557; x_wconf 98' lang='lat' dir='ltr'>GH</span> 
     </span>
     <span class='ocr_line' id='line_1_29' title="bbox 389 3587 1531 3657; baseline 0.002 -20"><span class='ocrx_word' id='word_1_233' title='bbox 389 3587 438 3651; x_wconf 87' lang='lat' dir='ltr'>(L,</span> <span class='ocrx_word' id='word_1_234' title='bbox 462 3590 615 3652; x_wconf 87' lang='lat' dir='ltr'>pandentes</span> <span class='ocrx_word' id='word_1_235' title='bbox 638 3591 681 3657; x_wconf 79' lang='lat' dir='ltr'>lc).</span> <span class='ocrx_word' id='word_1_236' title='bbox 704 3587 716 3656; x_wconf 79' lang='lat' dir='ltr'>ll</span> <span class='ocrx_word' id='word_1_237' title='bbox 740 3591 859 3642; x_wconf 88' lang='lat' dir='ltr'>sublisas</span> <span class='ocrx_word' id='word_1_238' title='bbox 882 3591 1000 3655; x_wconf 90' lang='lat' dir='ltr'>(sublisa</span> <span class='ocrx_word' id='word_1_239' title='bbox 1018 3593 1097 3649; x_wconf 74' lang='lat' dir='ltr'>Part,</span> <span class='ocrx_word' id='word_1_240' title='bbox 1116 3607 1198 3641; x_wconf 89' lang='lat' dir='ltr'>-sae</span> <span class='ocrx_word' id='word_1_241' title='bbox 1222 3590 1323 3652; x_wconf 51' lang='lat' dir='ltr'>Solent:</span> <span class='ocrx_word' id='word_1_242' title='bbox 1351 3590 1458 3656; x_wconf 81' lang='lat' dir='ltr'>sublysi</span> <span class='ocrx_word' id='word_1_243' title='bbox 1482 3591 1531 3642; x_wconf 91' lang='lat' dir='ltr'>GH</span> 
     </span>
     <span class='ocr_line' id='line_1_30' title="bbox 391 3671 1529 3742; baseline 0.001 -19"><span class='ocrx_word' id='word_1_244' title='bbox 391 3672 433 3736; x_wconf 89' lang='lat' dir='ltr'>(L,</span> <span class='ocrx_word' id='word_1_245' title='bbox 453 3673 550 3724; x_wconf 91' lang='lat' dir='ltr'>sublisi</span> <span class='ocrx_word' id='word_1_246' title='bbox 570 3674 647 3737; x_wconf 74' lang='lat' dir='ltr'>acu).</span> <span class='ocrx_word' id='word_1_247' title='bbox 672 3671 683 3740; x_wconf 77' lang='lat' dir='ltr'>ll</span> <span class='ocrx_word' id='word_1_248' title='bbox 708 3678 738 3724; x_wconf 90' lang='grc'>11</span> <span class='ocrx_word' id='word_1_249' title='bbox 757 3677 876 3726; x_wconf 88' lang='lat' dir='ltr'>insidere</span> <span class='ocrx_word' id='word_1_250' title='bbox 898 3678 919 3726; x_wconf 93' lang='lat' dir='ltr'><em>G</em></span> <span class='ocrx_word' id='word_1_251' title='bbox 943 3675 1018 3740; x_wconf 69' lang='grc' dir='ltr'>([,Ιι);</span> <span class='ocrx_word' id='word_1_252' title='bbox 1042 3672 1180 3739; x_wconf 78' lang='lat' dir='ltr'>insidelra</span> <span class='ocrx_word' id='word_1_253' title='bbox 1198 3677 1227 3725; x_wconf 89' lang='lat' dir='ltr'><em>H</em></span> <span class='ocrx_word' id='word_1_254' title='bbox 1245 3675 1380 3739; x_wconf 72' lang='lat' dir='ltr'>(insidere</span> <span class='ocrx_word' id='word_1_255' title='bbox 1398 3675 1442 3738; x_wconf 88' lang='lat' dir='ltr'>lc).</span> <span class='ocrx_word' id='word_1_256' title='bbox 1464 3673 1477 3742; x_wconf 79' lang='lat' dir='ltr'>ss</span> <span class='ocrx_word' id='word_1_257' title='bbox 1500 3677 1529 3724; x_wconf 90' lang='grc'>12</span> 
     </span>
     <span class='ocr_line' id='line_1_31' title="bbox 388 3754 1529 3826; baseline 0.002 -20"><span class='ocrx_word' id='word_1_258' title='bbox 388 3754 475 3821; x_wconf 76' lang='lat' dir='ltr'>utille</span> <span class='ocrx_word' id='word_1_259' title='bbox 494 3762 629 3809; x_wconf 90' lang='lat' dir='ltr'>ventonus</span> <span class='ocrx_word' id='word_1_260' title='bbox 647 3761 678 3808; x_wconf 89' lang='lat' dir='ltr'><em>H</em></span> <span class='ocrx_word' id='word_1_261' title='bbox 694 3758 929 3824; x_wconf 77' lang='lat' dir='ltr'>(utilelventonus</span> <span class='ocrx_word' id='word_1_262' title='bbox 948 3764 963 3818; x_wconf 86' lang='grc' dir='ltr'>Ι,</span> <span class='ocrx_word' id='word_1_263' title='bbox 982 3761 1023 3809; x_wconf 91' lang='lat' dir='ltr'>uti</span> <span class='ocrx_word' id='word_1_264' title='bbox 1033 3760 1197 3811; x_wconf 86' lang='lat' dir='ltr'>leventonus</span> <span class='ocrx_word' id='word_1_265' title='bbox 1210 3777 1231 3817; x_wconf 87' lang='lat' dir='ltr'>c,</span> <span class='ocrx_word' id='word_1_266' title='bbox 1249 3758 1405 3826; x_wconf 81' lang='lat' dir='ltr'>utillevent</span> <span class='ocrx_word' id='word_1_267' title='bbox 1422 3775 1491 3810; x_wconf 89' lang='lat' dir='ltr'>onus</span> <span class='ocrx_word' id='word_1_268' title='bbox 1508 3761 1529 3817; x_wconf 80' lang='lat' dir='ltr'>fr,</span> 
     </span>
     <span class='ocr_line' id='line_1_32' title="bbox 389 3841 1531 3924; baseline 0.001 -34"><span class='ocrx_word' id='word_1_269' title='bbox 389 3843 557 3895; x_wconf 88' lang='lat' dir='ltr'>uti.levent</span> <span class='ocrx_word' id='word_1_270' title='bbox 579 3859 647 3894; x_wconf 91' lang='lat' dir='ltr'>onus</span> <span class='ocrx_word' id='word_1_271' title='bbox 671 3843 719 3909; x_wconf 87' lang='lat' dir='ltr'>L),</span> <span class='ocrx_word' id='word_1_272' title='bbox 747 3842 1010 3910; x_wconf 79' lang='lat' dir='ltr'>uti.Lilvent0nus</span> <span class='ocrx_word' id='word_1_273' title='bbox 1034 3852 1093 3894; x_wconf 86' lang='lat' dir='ltr'>ante</span> <span class='ocrx_word' id='word_1_274' title='bbox 1115 3860 1185 3896; x_wconf 84' lang='lat' dir='ltr'>corr.</span> <span class='ocrx_word' id='word_1_275' title='bbox 1211 3846 1232 3897; x_wconf 89' lang='lat' dir='ltr'><em>G</em></span> <span class='ocrx_word' id='word_1_276' title='bbox 1257 3841 1328 3924; x_wconf 56' lang='lat' dir='ltr'>(utiw</span> <span class='ocrx_word' id='word_1_277' title='bbox 1325 3844 1366 3894; x_wconf 84' lang='lat' dir='ltr'>Le</span> <span class='ocrx_word' id='word_1_278' title='bbox 1383 3843 1388 3906; x_wconf 96' lang='grc' dir='ltr'>Ι</span> <span class='ocrx_word' id='word_1_279' title='bbox 1404 3845 1440 3894; x_wconf 83' lang='lat' dir='ltr'>G0</span> <span class='ocrx_word' id='word_1_280' title='bbox 1460 3851 1487 3915; x_wconf 79' lang='lat' dir='ltr'>et</span> <span class='ocrx_word' id='word_1_281' title='bbox 1506 3845 1531 3892; x_wconf 82' lang='lat' dir='ltr'>ia</span> 
     </span>
    </p>
   </div>
   <div class='ocr_carea' id='block_1_5' title="bbox 389 3942 1535 4603">
    <p class='ocr_par' dir='ltr' id='par_1_6' title="bbox 389 3942 1535 4603">
     <span class='ocr_line' id='line_1_33' title="bbox 389 3942 1532 4012; baseline 0.003 -19"><span class='ocrx_word' id='word_1_282' title='bbox 389 3946 502 4008; x_wconf 65' lang='lat' dir='ltr'>maraine</span> <span class='ocrx_word' id='word_1_283' title='bbox 519 3945 573 3994; x_wconf 80' lang='lat' dir='ltr'>iat</span> <span class='ocrx_word' id='word_1_284' title='bbox 585 3947 625 3994; x_wconf 89' lang='lat' dir='ltr'>uti</span> <span class='ocrx_word' id='word_1_285' title='bbox 641 3942 645 4011; x_wconf 75' lang='lat' dir='ltr'>l</span> <span class='ocrx_word' id='word_1_286' title='bbox 660 3943 799 4011; x_wconf 63' lang='lat' dir='ltr'>ventonl).</span> <span class='ocrx_word' id='word_1_287' title='bbox 815 3942 827 4012; x_wconf 75' lang='grc' dir='ltr'>Ι(</span> <span class='ocrx_word' id='word_1_288' title='bbox 845 3960 993 3995; x_wconf 85' lang='lat' dir='ltr'>cuneorum</span> <span class='ocrx_word' id='word_1_289' title='bbox 1005 3946 1033 3994; x_wconf 94' lang='lat' dir='ltr'><em>H</em></span> <span class='ocrx_word' id='word_1_290' title='bbox 1046 3943 1106 4007; x_wconf 90' lang='lat' dir='ltr'>(L):</span> <span class='ocrx_word' id='word_1_291' title='bbox 1127 3960 1188 3994; x_wconf 87' lang='lat' dir='ltr'>curn</span> <span class='ocrx_word' id='word_1_292' title='bbox 1206 3960 1298 3994; x_wconf 87' lang='lat' dir='ltr'>eorum</span> <span class='ocrx_word' id='word_1_293' title='bbox 1318 3945 1340 3994; x_wconf 97' lang='lat' dir='ltr'><em>G</em></span> <span class='ocrx_word' id='word_1_294' title='bbox 1358 3943 1386 4009; x_wconf 90' lang='lat' dir='ltr'>(l,</span> <span class='ocrx_word' id='word_1_295' title='bbox 1406 3942 1532 4007; x_wconf 60' lang='lat' dir='ltr'>cumleoe</span> 
     </span>
     <span class='ocr_line' id='line_1_34' title="bbox 390 4024 1530 4096; baseline 0.001 -19"><span class='ocrx_word' id='word_1_296' title='bbox 390 4045 448 4078; x_wconf 89' lang='lat' dir='ltr'>rum</span> <span class='ocrx_word' id='word_1_297' title='bbox 466 4046 487 4087; x_wconf 86' lang='lat' dir='ltr'>c,</span> <span class='ocrx_word' id='word_1_298' title='bbox 502 4032 536 4079; x_wconf 84' lang='lat' dir='ltr'>ct&#39;r</span> <span class='ocrx_word' id='word_1_299' title='bbox 549 4043 607 4096; x_wconf 65' lang='lat' dir='ltr'>eo&#39;c</span> <span class='ocrx_word' id='word_1_300' title='bbox 618 4027 655 4095; x_wconf 79' lang='lat' dir='ltr'>fr).</span> <span class='ocrx_word' id='word_1_301' title='bbox 673 4027 685 4095; x_wconf 82' lang='grc' dir='ltr'>ΙΙ</span> <span class='ocrx_word' id='word_1_302' title='bbox 705 4032 734 4091; x_wconf 79' lang='grc'>14</span> <span class='ocrx_word' id='word_1_303' title='bbox 752 4045 843 4080; x_wconf 86' lang='lat' dir='ltr'>arcus:</span> <span class='ocrx_word' id='word_1_304' title='bbox 862 4033 899 4080; x_wconf 82' lang='lat' dir='ltr'>sic</span> <span class='ocrx_word' id='word_1_305' title='bbox 913 4030 965 4080; x_wconf 90' lang='lat' dir='ltr'>GH</span> <span class='ocrx_word' id='word_1_306' title='bbox 977 4028 1017 4093; x_wconf 85' lang='lat' dir='ltr'>(lc,</span> <span class='ocrx_word' id='word_1_307' title='bbox 1038 4030 1106 4078; x_wconf 88' lang='lat' dir='ltr'>artis</span> <span class='ocrx_word' id='word_1_308' title='bbox 1121 4028 1164 4090; x_wconf 92' lang='lat' dir='ltr'>L).</span> <span class='ocrx_word' id='word_1_309' title='bbox 1181 4025 1193 4094; x_wconf 80' lang='grc' dir='ltr'>ΙΙ</span> <span class='ocrx_word' id='word_1_310' title='bbox 1213 4030 1317 4078; x_wconf 87' lang='lat' dir='ltr'>cumeis</span> <span class='ocrx_word' id='word_1_311' title='bbox 1335 4035 1396 4078; x_wconf 83' lang='lat' dir='ltr'>ante</span> <span class='ocrx_word' id='word_1_312' title='bbox 1407 4045 1462 4078; x_wconf 82' lang='lat' dir='ltr'>rus.</span> <span class='ocrx_word' id='word_1_313' title='bbox 1476 4029 1505 4078; x_wconf 89' lang='lat' dir='ltr'>G.</span> <span class='ocrx_word' id='word_1_314' title='bbox 1519 4024 1530 4090; x_wconf 80' lang='lat' dir='ltr'>ll</span> 
     </span>
     <span class='ocr_line' id='line_1_35' title="bbox 392 4112 1532 4179; baseline -0.001 -17"><span class='ocrx_word' id='word_1_315' title='bbox 392 4117 422 4164; x_wconf 82' lang='lat'>15</span> <span class='ocrx_word' id='word_1_316' title='bbox 441 4115 587 4164; x_wconf 86' lang='lat' dir='ltr'>conclusae</span> <span class='ocrx_word' id='word_1_317' title='bbox 607 4116 648 4169; x_wconf 89' lang='lat' dir='ltr'>H,</span> <span class='ocrx_word' id='word_1_318' title='bbox 671 4113 763 4179; x_wconf 62' lang='lat' dir='ltr'>&amp;cluse</span> <span class='ocrx_word' id='word_1_319' title='bbox 789 4115 811 4165; x_wconf 95' lang='lat' dir='ltr'><em>G</em></span> <span class='ocrx_word' id='word_1_320' title='bbox 833 4112 908 4179; x_wconf 72' lang='lat' dir='ltr'>(-se</span> <span class='ocrx_word' id='word_1_321' title='bbox 930 4115 998 4171; x_wconf 82' lang='lat' dir='ltr'>Lclr,</span> <span class='ocrx_word' id='word_1_322' title='bbox 1017 4128 1080 4162; x_wconf 86' lang='lat' dir='ltr'>—se</span> <span class='ocrx_word' id='word_1_323' title='bbox 1099 4116 1116 4164; x_wconf 85' lang='lat' dir='ltr'>l.</span> <span class='ocrx_word' id='word_1_324' title='bbox 1143 4114 1178 4174; x_wconf 83' lang='lat' dir='ltr'>cf.</span> <span class='ocrx_word' id='word_1_325' title='bbox 1201 4115 1284 4166; x_wconf 82' lang='lat' dir='ltr'>Prisc.</span> <span class='ocrx_word' id='word_1_326' title='bbox 1304 4114 1456 4171; x_wconf 79' lang='lat'>1‚259,5.</span> <span class='ocrx_word' id='word_1_327' title='bbox 1476 4115 1532 4174; x_wconf 76' lang='lat'>1⁶9,</span> 
     </span>
     <span class='ocr_line' id='line_1_36' title="bbox 391 4193 1533 4264; baseline -0.003 -17"><span class='ocrx_word' id='word_1_328' title='bbox 391 4199 642 4250; x_wconf 73' lang='lat' dir='ltr'>GH-conclusi</span> <span class='ocrx_word' id='word_1_329' title='bbox 658 4198 737 4262; x_wconf 75' lang='lat' dir='ltr'>doc).</span> <span class='ocrx_word' id='word_1_330' title='bbox 764 4196 776 4264; x_wconf 83' lang='grc' dir='ltr'>ΙΙ</span> <span class='ocrx_word' id='word_1_331' title='bbox 803 4198 938 4264; x_wconf 85' lang='lat' dir='ltr'>pandabit</span> <span class='ocrx_word' id='word_1_332' title='bbox 958 4198 1007 4247; x_wconf 93' lang='lat' dir='ltr'>GH</span> <span class='ocrx_word' id='word_1_333' title='bbox 1026 4197 1072 4261; x_wconf 85' lang='lat' dir='ltr'>(lc,</span> <span class='ocrx_word' id='word_1_334' title='bbox 1091 4196 1224 4262; x_wconf 83' lang='lat' dir='ltr'>pandebit</span> <span class='ocrx_word' id='word_1_335' title='bbox 1241 4199 1266 4246; x_wconf 90' lang='lat' dir='ltr'>L</span> <span class='ocrx_word' id='word_1_336' title='bbox 1290 4195 1344 4262; x_wconf 72' lang='lat' dir='ltr'>fol).</span> <span class='ocrx_word' id='word_1_337' title='bbox 1367 4193 1380 4262; x_wconf 89' lang='grc' dir='ltr'>ΙΙ</span> <span class='ocrx_word' id='word_1_338' title='bbox 1403 4196 1533 4247; x_wconf 86' lang='lat' dir='ltr'>materies</span> 
     </span>
     <span class='ocr_line' id='line_1_37' title="bbox 393 4277 1531 4348; baseline 0.001 -18"><span class='ocrx_word' id='word_1_339' title='bbox 393 4282 442 4330; x_wconf 88' lang='lat' dir='ltr'>GH</span> <span class='ocrx_word' id='word_1_340' title='bbox 461 4282 528 4346; x_wconf 84' lang='lat' dir='ltr'>(Ll):</span> <span class='ocrx_word' id='word_1_341' title='bbox 548 4285 661 4333; x_wconf 89' lang='lat' dir='ltr'>matries</span> <span class='ocrx_word' id='word_1_342' title='bbox 680 4284 701 4332; x_wconf 90' lang='lat' dir='ltr'><em>G</em></span> <span class='ocrx_word' id='word_1_343' title='bbox 720 4281 781 4346; x_wconf 80' lang='lat' dir='ltr'>(cfr).</span> <span class='ocrx_word' id='word_1_344' title='bbox 799 4278 811 4348; x_wconf 77' lang='lat' dir='ltr'>ll</span> <span class='ocrx_word' id='word_1_345' title='bbox 828 4284 858 4332; x_wconf 90' lang='grc'>16</span> <span class='ocrx_word' id='word_1_346' title='bbox 877 4281 949 4346; x_wconf 89' lang='lat' dir='ltr'>quod</span> <span class='ocrx_word' id='word_1_347' title='bbox 966 4285 1119 4332; x_wconf 87' lang='lat' dir='ltr'>vetustate:</span> <span class='ocrx_word' id='word_1_348' title='bbox 1137 4285 1176 4332; x_wconf 81' lang='lat' dir='ltr'>sic</span> <span class='ocrx_word' id='word_1_349' title='bbox 1194 4283 1253 4335; x_wconf 84' lang='lat' dir='ltr'>GH.</span> <span class='ocrx_word' id='word_1_350' title='bbox 1276 4277 1288 4347; x_wconf 77' lang='lat' dir='ltr'>ll</span> <span class='ocrx_word' id='word_1_351' title='bbox 1312 4281 1419 4347; x_wconf 80' lang='lat' dir='ltr'>ceperit</span> <span class='ocrx_word' id='word_1_352' title='bbox 1439 4277 1531 4344; x_wconf 85' lang='lat' dir='ltr'>G(L):</span> 
     </span>
     <span class='ocr_line' id='line_1_38' title="bbox 392 4362 1535 4439; baseline -0.001 -24"><span class='ocrx_word' id='word_1_353' title='bbox 392 4368 516 4430; x_wconf 87' lang='lat' dir='ltr'>coeperit</span> <span class='ocrx_word' id='word_1_354' title='bbox 533 4368 563 4416; x_wconf 92' lang='lat' dir='ltr'><em>H</em></span> <span class='ocrx_word' id='word_1_355' title='bbox 580 4366 665 4439; x_wconf 72' lang='lat' dir='ltr'>(uret,</span> <span class='ocrx_word' id='word_1_356' title='bbox 685 4369 790 4433; x_wconf 72' lang='lat' dir='ltr'>ceperit</span> <span class='ocrx_word' id='word_1_357' title='bbox 807 4368 834 4429; x_wconf 86' lang='lat' dir='ltr'>t).</span> <span class='ocrx_word' id='word_1_358' title='bbox 862 4363 867 4432; x_wconf 92' lang='grc' dir='ltr'>Ι</span> <span class='ocrx_word' id='word_1_359' title='bbox 895 4368 925 4417; x_wconf 88' lang='grc'>18</span> <span class='ocrx_word' id='word_1_360' title='bbox 945 4382 1006 4415; x_wconf 91' lang='lat' dir='ltr'>cum</span> <span class='ocrx_word' id='word_1_361' title='bbox 1024 4381 1083 4431; x_wconf 77' lang='lat' dir='ltr'>epo:</span> <span class='ocrx_word' id='word_1_362' title='bbox 1107 4371 1136 4415; x_wconf 90' lang='lat' dir='ltr'>et</span> <span class='ocrx_word' id='word_1_363' title='bbox 1160 4366 1218 4416; x_wconf 94' lang='lat' dir='ltr'>GH.</span> <span class='ocrx_word' id='word_1_364' title='bbox 1241 4362 1254 4431; x_wconf 83' lang='grc'>11</span> <span class='ocrx_word' id='word_1_365' title='bbox 1283 4368 1314 4415; x_wconf 86' lang='grc'>19</span> <span class='ocrx_word' id='word_1_366' title='bbox 1338 4366 1461 4416; x_wconf 83' lang='lat' dir='ltr'>fornices</span> <span class='ocrx_word' id='word_1_367' title='bbox 1485 4366 1535 4416; x_wconf 92' lang='lat' dir='ltr'>GH</span> 
     </span>
     <span class='ocr_line' id='line_1_39' title="bbox 393 4445 1533 4518; baseline -0.002 -18"><span class='ocrx_word' id='word_1_368' title='bbox 393 4448 436 4513; x_wconf 85' lang='lat' dir='ltr'>(L,</span> <span class='ocrx_word' id='word_1_369' title='bbox 456 4451 583 4501; x_wconf 84' lang='lat' dir='ltr'>fornaces</span> <span class='ocrx_word' id='word_1_370' title='bbox 601 4453 644 4515; x_wconf 85' lang='lat' dir='ltr'>lc).</span> <span class='ocrx_word' id='word_1_371' title='bbox 670 4449 681 4518; x_wconf 81' lang='grc' dir='ltr'>ΙΙ</span> <span class='ocrx_word' id='word_1_372' title='bbox 709 4455 742 4502; x_wconf 88' lang='grc'>20</span> <span class='ocrx_word' id='word_1_373' title='bbox 760 4450 922 4502; x_wconf 84' lang='lat' dir='ltr'>faciundae:</span> <span class='ocrx_word' id='word_1_374' title='bbox 950 4453 987 4502; x_wconf 84' lang='lat' dir='ltr'>sio</span> <span class='ocrx_word' id='word_1_375' title='bbox 1011 4451 1069 4501; x_wconf 91' lang='lat' dir='ltr'>GH.</span> <span class='ocrx_word' id='word_1_376' title='bbox 1096 4447 1109 4518; x_wconf 77' lang='grc' dir='ltr'>ΙΙ</span> <span class='ocrx_word' id='word_1_377' title='bbox 1137 4452 1191 4500; x_wconf 88' lang='lat' dir='ltr'>uti:</span> <span class='ocrx_word' id='word_1_378' title='bbox 1218 4452 1256 4499; x_wconf 81' lang='lat' dir='ltr'>stc</span> <span class='ocrx_word' id='word_1_379' title='bbox 1275 4450 1334 4500; x_wconf 94' lang='lat' dir='ltr'>GH.</span> <span class='ocrx_word' id='word_1_380' title='bbox 1358 4445 1371 4516; x_wconf 89' lang='grc' dir='ltr'>ΙΙ</span> <span class='ocrx_word' id='word_1_381' title='bbox 1396 4465 1447 4500; x_wconf 84' lang='lat' dir='ltr'>eas</span> <span class='ocrx_word' id='word_1_382' title='bbox 1470 4451 1533 4500; x_wconf 75' lang='lat' dir='ltr'>GHr</span> 
     </span>
     <span class='ocr_line' id='line_1_40' title="bbox 393 4531 1534 4603; baseline 0 -20"><span class='ocrx_word' id='word_1_383' title='bbox 393 4535 445 4585; x_wconf 86' lang='lat' dir='ltr'>has</span> <span class='ocrx_word' id='word_1_384' title='bbox 464 4532 531 4599; x_wconf 74' lang='lat' dir='ltr'>(Hc,</span> <span class='ocrx_word' id='word_1_385' title='bbox 544 4536 579 4601; x_wconf 71' lang='lat' dir='ltr'>he</span> <span class='ocrx_word' id='word_1_386' title='bbox 597 4534 625 4600; x_wconf 80' lang='lat' dir='ltr'>l).</span> <span class='ocrx_word' id='word_1_387' title='bbox 646 4533 657 4603; x_wconf 76' lang='lat' dir='ltr'>[J</span> <span class='ocrx_word' id='word_1_388' title='bbox 678 4539 711 4586; x_wconf 92' lang='grc'>22</span> <span class='ocrx_word' id='word_1_389' title='bbox 735 4536 881 4586; x_wconf 85' lang='lat' dir='ltr'>extrudant</span> <span class='ocrx_word' id='word_1_390' title='bbox 902 4552 949 4600; x_wconf 83' lang='lat' dir='ltr'>epo</span> <span class='ocrx_word' id='word_1_391' title='bbox 973 4535 1085 4598; x_wconf 89' lang='lat' dir='ltr'>(—dunt</span> <span class='ocrx_word' id='word_1_392' title='bbox 1106 4535 1173 4599; x_wconf 85' lang='lat' dir='ltr'>cd.):</span> <span class='ocrx_word' id='word_1_393' title='bbox 1201 4534 1380 4585; x_wconf 85' lang='lat' dir='ltr'>extruderent</span> <span class='ocrx_word' id='word_1_394' title='bbox 1404 4535 1457 4585; x_wconf 89' lang='lat' dir='ltr'>GH</span> <span class='ocrx_word' id='word_1_395' title='bbox 1479 4531 1534 4598; x_wconf 78' lang='lat' dir='ltr'>(tce,</span> 
     </span>
    </p>
   </div>
   <div class='ocr_carea' id='block_1_6' title="bbox 393 4615 1533 4754">
    <p class='ocr_par' dir='ltr' id='par_1_7' title="bbox 393 4615 1533 4754">
     <span class='ocr_line' id='line_1_41' title="bbox 394 4615 1533 4687; baseline 0.002 -20"><span class='ocrx_word' id='word_1_396' title='bbox 394 4618 562 4670; x_wconf 77' lang='lat' dir='ltr'>extruderint</span> <span class='ocrx_word' id='word_1_397' title='bbox 583 4621 619 4679; x_wconf 85' lang='lat' dir='ltr'>L,</span> <span class='ocrx_word' id='word_1_398' title='bbox 645 4621 821 4671; x_wconf 79' lang='lat' dir='ltr'>extrudentes</span> <span class='ocrx_word' id='word_1_399' title='bbox 839 4628 899 4671; x_wconf 83' lang='lat' dir='ltr'>unte</span> <span class='ocrx_word' id='word_1_400' title='bbox 917 4637 987 4674; x_wconf 85' lang='lat' dir='ltr'>corr.</span> <span class='ocrx_word' id='word_1_401' title='bbox 1004 4619 1033 4685; x_wconf 84' lang='lat' dir='ltr'>t).</span> <span class='ocrx_word' id='word_1_402' title='bbox 1057 4618 1069 4687; x_wconf 76' lang='lat' dir='ltr'>ll</span> <span class='ocrx_word' id='word_1_403' title='bbox 1091 4623 1124 4672; x_wconf 85' lang='grc'>23</span> <span class='ocrx_word' id='word_1_404' title='bbox 1146 4620 1277 4687; x_wconf 74' lang='lat' dir='ltr'>spatiosis</span> <span class='ocrx_word' id='word_1_405' title='bbox 1299 4626 1360 4670; x_wconf 82' lang='lat' dir='ltr'>ante</span> <span class='ocrx_word' id='word_1_406' title='bbox 1382 4635 1452 4672; x_wconf 84' lang='lat' dir='ltr'>corr.</span> <span class='ocrx_word' id='word_1_407' title='bbox 1476 4619 1507 4669; x_wconf 91' lang='lat' dir='ltr'>G.</span> <span class='ocrx_word' id='word_1_408' title='bbox 1520 4615 1533 4684; x_wconf 77' lang='grc' dir='ltr'>(Ι</span> 
     </span>
     <span class='ocr_line' id='line_1_42' title="bbox 393 4703 740 4754; baseline 0.003 -2"><span class='ocrx_word' id='word_1_409' title='bbox 393 4704 426 4753; x_wconf 81' lang='grc'>25</span> <span class='ocrx_word' id='word_1_410' title='bbox 448 4703 540 4753; x_wconf 87' lang='lat' dir='ltr'>fuerat</span> <span class='ocrx_word' id='word_1_411' title='bbox 562 4712 621 4754; x_wconf 84' lang='lat' dir='ltr'>ante</span> <span class='ocrx_word' id='word_1_412' title='bbox 638 4721 690 4754; x_wconf 85' lang='lat' dir='ltr'>ras.</span> <span class='ocrx_word' id='word_1_413' title='bbox 712 4705 740 4754; x_wconf 92' lang='lat' dir='ltr'>G.</span> 
     </span>
    </p>
   </div>
   <div class='ocr_carea' id='block_1_7' title="bbox 0 0 1920 5625">
    <p class='ocr_par' dir='ltr' id='par_1_8' title="bbox 0 0 1920 5625">
     <span class='ocr_line' id='line_1_43' title="bbox 0 0 1920 5625; baseline 0 0"><span class='ocrx_word' id='word_1_414' title='bbox 0 0 1920 5625; x_wconf 95' lang='lat' dir='ltr'> </span> 
     </span>
    </p>
   </div>
  </div>
 </body>
</html>
