3784 5625
689 699 736 742 66
759 697 1026 745 166611661661
1049 699 1210 745 1161111.
1458 684 1518 746 211

379 847 577 913 laciendum.
615 831 747 912 lucerna
768 871 906 913 accensa
928 851 1128 931 demittatur,
1152 872 1234 936 quae
1257 851 1286 913 si
1307 853 1522 935 permanserit

379 952 498 1014 ardens
522 951 592 1013 sine
615 949 759 1037 periculo
775 950 1000 1015 descendetur.
1046 952 1095 1014 sin
1111 961 1220 1014 autem
1236 952 1391 1037 eripietur
1412 951 1522 1015 lumen

379 1054 450 1116 avi
466 1052 609 1137 vaporis,
633 1060 711 1115 tunc
733 1054 911 1117 secundum
933 1063 1068 1139 puteum
1092 1054 1209 1115 dextra
1230 1074 1269 1115 ac
1284 1054 1417 1116 sinistra
1433 1052 1522 1118 delo-

380 1154 513 1217 diantur
540 1154 714 1217 aestuaria.
758 1155 805 1216 ita
828 1153 1102 1239 quemadmodum
1128 1177 1187 1242 per
1207 1176 1301 1217 nares
1324 1155 1458 1241 spiritus
1481 1176 1523 1218 ex

379 1256 552 1319 aestuariis
581 1255 840 1341 dissipabuntur.
891 1277 965 1318 cum
987 1256 1067 1319 haec
1089 1257 1137 1319 sic
1159 1255 1322 1343 explicata
1347 1254 1470 1319 fuerint
1492 1266 1524 1319 et
1542 1270 1558 1317 5

380 1358 422 1420 ad
446 1379 563 1443 aquam
587 1356 648 1419 erit
670 1366 880 1444 perventum,
904 1366 983 1420 tunc
998 1359 1143 1444 sepiatur
1167 1380 1202 1421 os
1226 1367 1389 1420 structura
1411 1379 1451 1420 ne
1466 1358 1521 1422 ob-

330 1473 361 1520 14
380 1468 532 1522 111166161
547 1480 661 1521 venae.
707 1460 758 1522 sin
773 1468 883 1522 autem
904 1458 975 1523 loca
990 1458 1072 1522 dura
1088 1468 1182 1521 erunt
1196 1467 1253 1521 aut
1267 1460 1404 1522 nimium
1420 1480 1523 1522 venae

380 1562 512 1647 penitus
542 1559 680 1641 fuerint,
708 1569 787 1623 tunc
815 1561 955 1644 signinis
983 1561 1136 1648 operibus
1160 1583 1202 1623 cx
1230 1562 1326 1624 tectis
1349 1569 1406 1623 aut
1428 1582 1522 1647 supe-

379 1662 523 1726 rioribus
552 1661 632 1726 locis
662 1663 876 1748 excipiendae
904 1672 980 1726 sunt
1008 1664 1131 1749 copiae.
1184 1663 1220 1725 in
1247 1662 1386 1746 signinis
1414 1670 1524 1724 autem

380 1764 534 1851 operibus
557 1762 637 1825 haec
659 1771 735 1825 sunt
756 1763 917 1827 facienda.
962 1766 1011 1827 uti
1033 1763 1155 1829 harena
1182 1765 1323 1851 primum
1350 1762 1524 1849 purissima
1543 1781 1575 1829 10

380 1867 624 1953 asperrimaque
658 1874 807 1950 paretur,
845 1875 1050 1929 caementum
1083 1865 1125 1928 de
1158 1863 1250 1928 silice
1284 1865 1455 1950 frangatur
1483 1886 1547 1928 ne*

380 1970 515 2053 gravius
539 1989 636 2053 quam
658 1965 847 2049 librarium,
872 1966 961 2030 calce
984 1991 1081 2054 quam
1095 1966 1384 2031 vehementissima
1405 1976 1524 2031 morta·

379 2072 430 2134 rio
445 2070 551 2132 mixta
572 2070 619 2131 ita
634 2076 670 2131 ut
686 2070 830 2154 quinque
844 2079 954 2154 partes
976 2070 1118 2133 harenae
1132 2067 1175 2131 ad
1198 2068 1279 2131 duas
1294 2067 1523 2154 respondeant.

382 2194 419 2236 eo
443 2180 514 2233 turn
535 2171 624 2234 fossa
647 2170 688 2232 ad
717 2169 946 2233 libramentum
976 2170 1160 2234 altitudinis
1184 2169 1272 2256 quod
1300 2178 1349 2231 est
1378 2168 1525 2233 futurum

329 2290 361 2337 15
381 2272 524 2335 calcetur
546 2273 695 2336 vectibus
719 2272 836 2357 ligneis
859 2272 1000 2335 ferratis.
1044 2271 1225 2359 parietibus
1248 2270 1379 2333 calcatis
1402 2272 1436 2332 in
1458 2286 1574 2333 166-16

382 2374 436 2438 dio
460 2374 547 2459 quod
570 2376 632 2437 erit
654 2384 819 2436 terrenum
842 2374 1048 2436 exinaniatur
1061 2373 1104 2435 ad
1126 2372 1356 2435 libramentum
1377 2370 1523 2434 infimum

381 2477 552 2563 parietum.
602 2475 664 2539 hoc
692 2483 872 2559 exaequato
896 2473 1000 2538 solum
1030 2473 1171 2537 calcetur
1198 2473 1241 2535 ad
1274 2472 1524 2536 crassitudinem

382 2600 464 2663 quae
492 2579 669 2641 constituta
701 2575 812 2639 fuerit.
863 2598 900 2638 ea
927 2586 1036 2639 autem
1065 2576 1093 2640 si
1126 2573 1271 2661 duplicia
1297 2582 1355 2637 aut
1382 2573 1525 2659 triplicia

380 2680 468 2742 facta
490 2679 612 2742 fuerint
634 2680 682 2741 uti
711 2677 986 2763 percolationibus
1014 2677 1226 2742 transmutari
1252 2678 1395 2762 possint,
1422 2673 1525 2739 multo

381 2779 597 2846 salubriorem
620 2789 652 2843 61
675 2781 858 2845 suaviorem
880 2803 984 2867 aquae
1005 2802 1101 2844 usum
1124 2778 1276 2843 efficient.
1319 2778 1416 2845 limus
1439 2778 1575 2843 6616116

382 2907 457 2948 cum
484 2883 636 2946 habuerit
666 2905 728 2968 quo
752 2882 919 2966 subsidat,
949 2882 1117 2970 limpidior
1144 2881 1201 2944 fiet
1223 2890 1256 2944 61
1278 2881 1347 2944 6166
1370 2880 1524 2946 odoribus

382 2984 591 3051 conservabit
613 3006 761 3069 saporem
769 3034 777 3067 ,
802 2985 830 3048 si
852 3007 932 3066 non,
958 2983 1059 3048 salem
1074 2982 1153 3045 addi
1174 3005 1307 3046 necesse
1330 2984 1391 3046 erit
1414 2991 1446 3046 et
1469 3003 1524 3044 ex·

381 3088 519 3151 tenuari.
700 3082 702 3091 ’

468 3187 561 3268 Quae
584 3189 676 3275 potui
699 3187 739 3251 de
754 3210 858 3273 aquae
873 3187 995 3251 virtute
1012 3196 1044 3250 61
1065 3188 1225 3250 varietate
1241 3206 1385 3271 quasque
1406 3184 1526 3248 habeat

453 3479 646 3530 lfaciundum
664 3484 680 3528 l.
706 3477 718 3546 11
740 3484 755 3530 3
774 3481 849 3530 avi:
872 3482 910 3531 616
933 3480 1020 3531 ΕΘΗ.
1048 3477 1059 3544 11
1088 3475 1480 3544 161611661616661666166116
1498 3478 1527 3526 H

383 3563 595 3630 166616611161,
615 3563 736 3612 aestuari
753 3563 795 3620 61,
819 3564 874 3616 def.
894 3579 963 3628 quae
981 3574 1021 3613 661
1038 3564 1117 3614 varia
1139 3563 1184 3626 L),
1204 3564 1259 3616 def.
1279 3579 1330 3627 que
1350 3562 1477 3627 1116116
1496 3561 1525 3620 Θ,

382 3651 437 3700 def.
457 3665 528 3712 quae
544 3645 549 3710 1
565 3650 607 3696 661
624 3646 704 3694 varia
726 3646 751 3694 E
771 3646 835 3709 (que
854 3647 986 3710 dated).
1009 3645 1021 3713 11
1044 3651 1113 3698 sex
1132 3648 1281 3698 aestuariis
1298 3648 1369 3697 Joc:
1395 3663 1428 3696 ex
1447 3649 1527 3694 aestu

381 3731 457 3800 (estu
482 3733 515 3792 G,
535 3733 605 3796 estu,
619 3727 692 3792 Eric)
716 3729 802 3782 EGH.
824 3727 839 3796 11
861 3733 876 3780 6
900 3733 1025 3796 sepiatur
1043 3748 1074 3782 66
1097 3734 1237 3781 structura
1259 3747 1319 3795 epo:
1350 3731 1525 3795 saepiaturas

381 3821 523 3869 structura
538 3815 564 3862 Η
582 3815 617 3875 (L
629 3814 671 3864 ubi
683 3828 751 3877 sep,
772 3816 896 3880 sepiatur
913 3820 1071 3865 astructura
1083 3815 1128 3879 16),
1147 3807 1271 3879 sepiatur
1283 3818 1422 3864 structura
1439 3813 1497 3862 ΕΘ.
1512 3809 1524 3875 11

381 3917 436 3952 1166
455 3897 501 3965 (ne
520 3884 770 3964 Joclopturentur
790 3897 967 3961 (obdurentur
986 3901 1045 3961 EG)
1068 3914 1155 3950 venas
1174 3897 1273 3963 (venae
1292 3897 1344 3960 ed.)
1368 3897 1453 3946 EGH.
1477 3891 1489 3958 11
1511 3896 1526 3943 8

384 3985 504 4052 signinis
522 3983 584 4033 EG:
604 3983 690 4048 signis
710 3983 738 4031 H
757 3981 836 4044 (ure).
860 3978 872 4046 ((
896 3985 979 4033 166116
997 3985 1067 4033 Joc:
1096 3983 1177 4032 166116
1195 3981 1281 4031 ΕΘΗ.
1305 3977 1316 4046 11
1340 3984 1388 4028 aut
1405 3977 1527 4042 superio·

383 4071 461 4121 ribus
480 4071 508 4118 H
526 4065 611 4132 (Lle):
643 4083 659 4114 a
678 4065 866 4130 superioribus
893 4067 951 4116 EG.
975 4064 987 4133 11
1011 4071 1026 4117 9
1048 4066 1196 4131 insigninis
1218 4066 1246 4113 H
1265 4063 1387 4126 (G0E0L,
1411 4061 1527 4126 insignis

383 4155 433 4220 tel:
453 4148 600 4218 insignilis
618 4157 678 4200 unte
696 4167 763 4200 corr.
786 4150 814 4212 G,
834 4151 952 4215 insignis
970 4159 1030 4200 unte
1047 4167 1115 4200 corr.
1135 4150 1168 4198 Ε.
1190 4144 1203 4214 11
1227 4151 1258 4197 11
1278 4151 1405 4212 parentur
1423 4141 1526 4211 161111

384 4239 523 4307 libralium
543 4242 565 4287 lc
585 4233 672 4303 [1111
695 4236 772 4285 calce
791 4251 850 4299 eqo:
870 4236 933 4284 calx
945 4236 1024 4285 ΕΘΗ
1036 4234 1079 4298 (L,
1099 4233 1157 4282 6616
1175 4250 1190 4282 6
1207 4240 1233 4282 61
1250 4239 1310 4282 unte
1327 4247 1395 4280 corr.
1415 4229 1445 4294 t).
1460 4225 1472 4294 11
1495 4231 1527 4277 13

383 4324 481 4373 mixta:
500 4324 538 4372 616
556 4321 642 4373 ΕΘΗ.
669 4317 681 4386 11
708 4319 810 4369 adduas
830 4319 905 4381 (EG,
926 4319 1031 4368 adduos
1050 4319 1134 4377 HLIc,
1154 4314 1400 4378 66161661161166.)
1419 4329 1528 4378 respon-

384 4409 470 4457 deant
489 4422 581 4456 eorum
601 4404 644 4468 (eo
664 4403 796 4468 16111696)
817 4403 893 4452 fossa
910 4401 997 4452 EGH.
1018 4398 1029 4467 11
1054 4402 1084 4449 16
1102 4400 1224 4450 infimum
1243 4402 1272 4450 H
1290 4401 1373 4463 (Llc):
1394 4397 1527 4447 infirmum

384 4493 441 4542 EG.
466 4489 477 4558 11
502 4494 532 4541 19
552 4495 666 4556 possunt
684 4496 743 4540 ante
762 4505 829 4539 corr.
849 4488 884 4537 H.
909 4483 921 4552 11
942 4488 1020 4536 1661
1042 4485 1198 4536 suaviorem
1220 4485 1280 4535 EG:
1305 4502 1351 4537 om.
1371 4485 1399 4532 Η
1416 4479 1525 4547 1116111

385 4592 475 4641 aquae
493 4591 585 4624 usum:
612 4577 649 4624 sio
666 4574 751 4624 ΕΘΗ.
775 4570 788 4639 11
816 4571 940 4622 efficient
967 4567 1129 4633 (efficicieut
1149 4571 1180 4634 G)
1203 4570 1282 4619 ΕΘΗ
1302 4567 1347 4632 (lc,
1373 4566 1529 4617 efficientur

384 4661 429 4725 L).
453 4658 465 4727 11
491 4664 523 4710 21
547 4661 676 4710 babuerit
699 4675 750 4723 quo
774 4657 902 4708 subsidat
924 4655 980 4704 ΕΗ
1006 4655 1052 4719 (te,
1077 4670 1146 4719 quos
1161 4652 1166 4721 1
1181 4641 1307 4705 subsidat
1325 4651 1374 4716 L):
1401 4651 1529 4702 habuerit

384 4744 511 4795 subsidat
530 4745 587 4808 (om.
608 4743 672 4809 quo)
693 4743 722 4797 G.
745 4739 758 4809 11
780 4742 920 4809 limpidior
938 4741 999 4791 liet:
1018 4743 1055 4792 sic
1073 4740 1159 4791 ΕΘΗ.

1263 4824 1324 4886 14*
