3784 5625
681 652 728 698 na
751 651 1015 700 uacnrrsornas
1040 653 1108 699 nra.
1131 656 1192 700 vn.
1447 640 1508 705 163

325 789 331 798 ’
365 826 407 867 ne
430 805 700 868 commisceantur
714 826 793 868 axes
815 804 973 868 aesculini
995 792 1126 890 quercu,
1151 805 1236 889 quod
1259 808 1387 891 quercei
1411 807 1507 871 simul

365 926 510 968 umorem
543 915 757 992 perceperunt
789 927 823 969 se
856 914 1045 991 torquentes
1077 907 1175 969 rimas
1203 906 1389 993 faciuntin
1416 909 1507 994 pavi-

364 1007 495 1070 mentis,
544 1006 597 1069 sin
623 1016 732 1070 autem
758 1006 905 1072 aesculus
932 1029 998 1072 non
1020 1008 1081 1069 erit
1104 1015 1136 1069 et
1157 1009 1334 1071 necessitas
1356 1012 1507 1092 coegerit,

365 1116 498 1195 propter
526 1107 670 1193 inopiam
698 1110 844 1193 querceis
874 1108 921 1171 sic
943 1106 1075 1171 videtur
1097 1129 1167 1174 csse
1189 1107 1378 1173 faciundum
1400 1118 1435 1173 ut
1458 1131 1505 1173 se-

365 1217 480 1272 centur
511 1209 685 1271 tenuiores.
741 1230 804 1294 quo
836 1209 943 1272 minus
979 1210 1065 1271 enim
1094 1208 1273 1291 valuerint,
1307 1231 1344 1273 co
1377 1209 1540 1273 faciliuss

366 1308 470 1372 clavis
484 1308 544 1372 fixi
560 1308 820 1373 continebuntur.
866 1307 986 1373 deinde
1008 1311 1043 1372 in
1066 1308 1204 1393 singulis
1227 1311 1328 1393 tignis
1352 1312 1506 1374 extremis

364 1409 514 1496 partibus
529 1431 608 1473 axes
623 1408 710 1474 binis
727 1409 830 1473 clavis
845 1409 986 1494 figantur
995 1459 1005 1492 ,
1027 1411 1077 1474 uti
1091 1407 1180 1473 nulla
1203 1432 1245 1473 ex
1266 1421 1358 1496 parte
1379 1414 1506 1496 possint

364 1533 400 1575 se
430 1511 610 1596 torquendo
638 1511 774 1596 angulos
802 1511 957 1574 excitare.
1007 1533 1147 1597 namque
1177 1510 1218 1573 de
1241 1533 1331 1575 cerro
1352 1520 1408 1575 aut
1429 1511 1505 1596 fago

364 1612 530 1675 seu'farno
552 1609 658 1675 nuHus
681 1610 724 1674 ad
747 1619 943 1675 vetustatem
967 1621 1076 1697 potest
1097 1634 1296 1699 permanere.
1341 1613 1504 1677 coaxatio·

362 1711 459 1776 nibus
476 1712 572 1776 factis
594 1713 623 1775 si
646 1713 718 1795 erit,
741 1711 823 1795 filix,
847 1713 972 1795 sinon,
996 1712 1089 1798 palea
1110 1713 1346 1794 substernatur,
1368 1714 1418 1788 uti
1439 1724 1556 1777 ma-10

329 1830 344 1876 3
362 1815 462 1878 teries
477 1812 519 1877 ab
542 1810 639 1875 calcis
659 1814 750 1877 vitiis
774 1812 980 1877 defendatur.
1024 1824 1102 1879 tunc
1123 1816 1256 1902 insuper
1277 1803 1507 1879 statuminetur

361 1916 542 1979 ne'minore
565 1935 645 1980 saxo
661 1936 757 1999 quam
780 1914 866 2000 quod
888 1915 992 2001 possit
1014 1895 1145 1979 manum
1168 1914 1314 2001 implere.
1358 1918 1505 1981 statumi—
1533 1961 1536 1967 -

361 2015 549 2108 nationibus
571 2014 715 2078 inductis
739 2015 839 2079 rudus
862 2016 890 2079 si
912 2038 1033 2080 novum
1057 2017 1134 2096 erit,
1156 2015 1198 2080 ad
1221 2025 1287 2080 tres
1310 2026 1419 2103 partes
1440 2040 1505 2081 una

362 2115 461 2180 calcis
476 2116 667 2195 misceatur,
691 2115 720 2178 si
741 2116 927 2180 redivivum
951 2116 1065 2199 fuerit,
1089 2117 1231 2202 quinque
1252 2115 1295 2179 ad
1318 2116 1398 2182 duas
1421 2120 1503 2182 mix·

361 2217 460 2281 tionis
482 2216 623 2281 habeant
644 2237 846 2302 responsum.
891 2217 1010 2287 deinde
1031 2218 1132 2282 ru'dus
1155 2217 1328 2280 inducatur
1350 2229 1381 2280 et
1403 2221 1555 2282 vecti-15

361 2317 422 2383 bus
445 2318 582 2402 ligneis,
610 2317 751 2382 decuriis
773 2317 928 2399 inductis,
953 2318 1112 2381 crebriter
1133 2319 1310 2401 pistatione
1335 2316 1502 2401 solidetur,

362 2425 393 2481 et
408 2416 444 2480 id
459 2440 524 2482 non
538 2418 644 2481 minus
666 2420 788 2503 pistum
810 2417 995 2482 absolutum
1018 2417 1235 2481 crassitudine
1257 2418 1300 2480 sit
1322 2417 1502 2483 dodrantis.

360 2520 493 2604 insuper
508 2540 550 2584 ex
564 2527 649 2583 testa
663 2519 797 2583 nucleus
818 2518 992 2582 inducatur
1013 2519 1206 2581 mixtionem
1227 2516 1350 2581 habens
1372 2518 1415 2582 ad
1436 2529 1503 2585 tres

360 2628 469 2706 partes
497 2641 596 2683 unam
623 2619 739 2702 calcis,
768 2619 809 2683 ne
831 2620 956 2684 minore
979 2616 1194 2697 crassitudine
1216 2619 1395 2704 pavimenti
1418 2619 1501 2704 digi-

359 2730 473 2805 torum·
487 2740 610 2786 senum.
655 2743 752 2806 supra
766 2720 916 2785 nucleum
937 2720 979 2784 ad
1001 2718 1146 2804 regulam
1158 2715 1201 2782 ¹et
1222 2718 1366 2783 libellam
1388 2732 1504 2787 exacta
1520 2729 1554 2779 20

327 2823 549 2909 spavimenta
575 2832 742 2887 struantur
769 2824 840 2888 sive
867 2821 994 2886 sectilia
1021 2843 1079 2885 seu
1106 2825 1247 2885 tesseris.
1291 2844 1364 2884 cum
1387 2844 1424 2885 ea
1446 2845 1501 2886 ex-

359 2933 466 2988 tructa
500 2922 626 2987 luerint
665 2933 697 2986 et
736 2923 870 3007 fastigia
912 2945 1003 2986 suam
1043 2923 1280 2985 extructionem
1317 2923 1501 3007 habuerint,

359 3026 407 3089 ita
439 3024 599 3088 fricentur
630 3025 679 3088 uti
707 3027 737 3088 si
764 3022 890 3088 sectilia
918 3025 999 3104 sint,
1037 3022 1120 3087 nulli
1150 3023 1271 3107 gradus
1300 3025 1335 3088 in
1367 3025 1500 3090 scutulis

359 3133 416 3191 aut
437 3126 576 3210 trigonis
598 3134 654 3188 aut
677 3125 843 3211 quadratis
871 3146 927 3188 seu
954 3123 1041 3187 favis
1070 3132 1192 3205 extent,
1215 3124 1274 3187 sed
1296 3134 1500 3209 coagmento-

428 3401 442 3448 1
462 3413 576 3464 quercu:
596 3413 698 3462 querco
718 3398 777 3448 ΕΗ.
800 3394 813 3463 ΙΙ
837 3398 961 3463 quercei:
979 3397 1102 3461 4querqui
1125 3395 1177 3447 ΕΗ
1194 3393 1264 3462 (Μ,
1288 3396 1399 3461 quercui
1423 3399 1457 3450 Ει
1474 3405 1500 3449 et

359 3489 419 3535 onte
436 3498 507 3533 corr.
525 3483 558 3540 L,
578 3482 671 3547 querci
689 3480 739 3545 ol).
763 3477 776 3548 ΙΙ
798 3483 813 3530 2
835 3486 1020 3546 perceperunt
1041 3482 1070 3530 H
1092 3479 1176 3544 (Ltclz
1200 3483 1375 3546 perceperint
1397 3484 1425 3532 Ε.
1450 3479 1462 3549 Ι]
1483 3487 1501 3533 4

358 3568 400 3617 uti
414 3573 476 3632 post
493 3567 615 3632 inopiam
637 3568 698 3616 add.
716 3567 772 3618 doc,
798 3561 810 3630 ll
831 3564 969 3630 querceis:
994 3565 1102 3628 quercis
1127 3565 1148 3614 Ε
1171 3563 1263 3628 (hle),
1280 3568 1406 3629 quaercis
1428 3567 1465 3614 H.
1486 3565 1497 3631 ll

359 3649 518 3701 faciundum
536 3651 565 3699 H
583 3645 667 3712 (Llclz
692 3647 823 3698 faciendis
844 3649 873 3698 Ε.
896 3644 908 3713 l}
936 3651 951 3700 5
974 3650 1075 3698 minum
1098 3650 1134 3698 Η.
1158 3644 1170 3714 ΙΙ
1193 3650 1208 3697 6
1232 3650 1450 3699 contenebuntur
1471 3652 1502 3698 H

360 3731 418 3799 (lc).
441 3729 455 3800 ss
477 3737 492 3784 '1
511 3749 577 3784 axes
599 3733 672 3784 binis
691 3732 778 3784 clavis
805 3732 850 3797 (cs.
869 3731 944 3796 epit.)
971 3733 1060 3782 Sellas
1084 3733 1144 3781 axis
1167 3732 1227 3781 bini
1250 3729 1327 3794 (boni
1349 3740 1408 3782 ante
1429 3749 1498 3784 corr.

360 3819 393 3880 Ε)
412 3817 487 3869 clavi
506 3817 565 3867 GH.
588 3813 601 3883 ΙΙ
623 3818 639 3866 8
658 3815 774 3881 angulos
793 3816 882 3865 Selia:
903 3817 999 3880 anguli
1018 3817 1077 3865 GH.
1096 3812 1109 3881 ΙΙ
1130 3818 1161 3865 10
1178 3815 1237 3864 filix
1251 3814 1346 3880 (epit‚):
1366 3816 1430 3866 filex
1449 3818 1501 3865 ΕΗ

359 3901 418 3963 (ΕΙ,
436 3900 507 3950 silex
529 3899 580 3963 rt).
604 3896 616 3965 ΙΙ
640 3902 671 3949 1⁴2
695 3900 765 3963 quod
793 3901 871 3949 Pais:
902 3901 948 3963 qui
972 3899 1023 3949 ΕΗ
1046 3901 1082 3959 (et
1104 3898 1187 3962 epit).
1211 3893 1223 3962 ΙΙ
1249 3901 1279 3948 13
1302 3899 1419 3947 inductis
1443 3902 1498 3949 ed:

357 3985 489 4043 inductus
508 3984 567 4034 ΕΗ.
590 3979 603 4049 ΙΙ
627 3985 658 4033 14
677 3983 712 4032 ad
729 3982 797 4034 duas
815 4000 874 4047 epo:
898 3982 1016 4032 adduum
1037 3983 1095 4032 GH.
1118 3978 1130 4047 ΙΙ
1153 3983 1293 4031 mixtionis
1310 3998 1369 4046 eqo:
1390 3984 1498 4031 mixtio-

357 4082 406 4118 nes
425 4068 485 4129 ΕΗ.
508 4064 521 4141 [Ι
543 4068 575 4118 15
593 4067 676 4117 rudus
695 4063 728 4117 ΕΞ
747 4068 860 4116 inrudus
878 4067 907 4115 H
925 4065 977 4128 (LI,
996 4066 1100 4114 inrudis
1118 4066 1169 4126 eli).
1186 4061 1198 4129 ll
1218 4066 1250 4113 16
1268 4065 1419 4128 pistatione
1437 4081 1497 4128 epo:

356 4152 514 4217 piscatione
538 4152 568 4200 H
591 4150 648 4213 (Le,
671 4150 809 4215 pisatione
828 4151 882 4214 clo),
911 4151 1067 4214 pinsationo
1087 4149 1116 4199 Ε.
1141 4146 1154 4214 ΙΙ
1181 4150 1211 4198 1‘1
1235 4151 1264 4197 et
1286 4147 1313 4196 id
1336 4162 1390 4196 non
1408 4148 1497 4197 minus

355 4237 478 4301 pinsum:
496 4237 534 4284 sic
553 4235 604 4285 GH
622 4234 733 4299 (pistum
751 4249 810 4298 epo,
832 4241 860 4282 ut
876 4251 902 4298 p.
922 4237 980 4309 161,
999 4232 1053 4296 20).
1075 4229 1087 4297 ΙΙ
1111 4231 1265 4282 absolutum
1289 4231 1339 4280 GH
1355 4230 1400 4294 (L,
1419 4230 1498 4282 adso·

355 4335 442 4387 lidum
460 4338 485 4386 lc
503 4331 642 4400 [ubsolido
658 4332 708 4398 Η).
733 4331 745 4400 Η
769 4336 800 4384 18
818 4322 931 4383 nucleds
949 4334 990 4393 Η,
1013 4332 1118 4381 nedeus
1140 4339 1199 4382 unte
1217 4348 1286 4384 corr.
1306 4332 1335 4382 Ε,
1361 4327 1372 4396 ΙΙ
1396 4332 1426 4381 19
1448 4347 1496 4396 pa·

354 4418 472 4470 rimanti
489 4434 549 4484 epo:
567 4419 750 4485 pavimentum
764 4415 851 4482 (-tu)
865 4417 916 4466 ΕΗ
928 4416 975 4478 (sit
983 4423 1043 4464 ante
1056 4431 1093 4466 cr.
1108 4432 1132 4480 p.
1144 4418 1204 4467 add.
1216 4415 1294 4479 doc).
1309 4411 1322 4480 ΙΙ
1338 4417 1371 4465 20
1382 4415 1495 4464 nedeum

355 4509 416 4553 ante
434 4518 505 4555 corr.
525 4503 555 4554 G.
578 4499 592 4569 ΙΙ
613 4505 644 4553 21
665 4502 775 4554 sectilia
799 4502 850 4552 ΕΗ
873 4497 921 4562 (L,
940 4498 1060 4549 scutalia
1081 4499 1125 4562 Ic).
1148 4496 1161 4564 ΙΙ
1187 4502 1220 4548 22
1243 4514 1319 4548 suam
1342 4501 1382 4551 ed.
1405 4497 1495 4563 (ree,):

355 4602 407 4638 sua
435 4587 496 4639 ΕΗ.
523 4583 537 4653 ss
563 4586 776 4639 exstructionem
805 4583 984 4648 (exstrutione
1008 4582 1054 4648 G):
1086 4585 1125 4633 sic
1152 4584 1210 4633 ΕΗ.
1238 4579 1251 4649 ΙΙ
1278 4585 1312 4632 24
1334 4584 1414 4647 pavis
1437 4592 1496 4634 unte

352 4685 424 4726 corr.
445 4671 476 4725 Ε.

1232 4749 1296 4816 11*
