3784 5625
381 674 423 737 34
870 687 1029 734 vrruuvn

382 841 553 906 concilium
576 850 607 906 et
630 842 798 905 convictus
822 849 908 904 esset
929 849 1036 922 natue,
1060 841 1146 903 etin
1167 862 1269 903 unum
1291 838 1398 904 locum
1420 840 1530 927 plures

381 945 592 1009 convenirent
618 942 775 1007 babentes
801 942 844 1005 ab
872 950 988 1005 natura
1023 943 1203 1027 praemium
1237 952 1366 1028 praeter
1402 942 1530 1029 reliqua

380 1045 533 1110 animalia
559 1054 597 1110 ut
622 1066 687 1109 non
715 1044 809 1130 proni
843 1042 902 1106 sed
930 1044 1029 1105 erecti
1056 1040 1260 1107 ambularent
1286 1044 1467 1130 mundique
1497 1054 1530 1128 et
1594 1064 1598 1075 ’

379 1156 541 1213 astrorum
568 1145 843 1230 magnificentiam
870 1146 1070 1230 aspicerent,
1105 1146 1185 1209 item
1211 1144 1363 1208 manibus
1395 1154 1428 1209 et
1449 1146 1529 1209 arti-

346 1249 460 1313 aculis
483 1270 581 1335 quam
603 1246 726 1310 vellent
747 1267 815 1309 rcrn
842 1244 984 1310 faciliter
1009 1256 1203 1328 tractarent,
1233 1257 1409 1333 coeperunt
1431 1248 1467 1309 in
1490 1269 1528 1311 eo

381 1360 475 1416 coetu
496 1349 553 1413 alii
576 1348 617 1412 de
639 1348 755 1413 fronde
782 1347 889 1438 facere
916 1358 1018 1431 tecta,
1046 1348 1104 1412 alii
1133 1346 1304 1434 speluncas
1332 1347 1446 1413 fodere
1469 1348 1530 1412 sub

381 1452 558 1534 montibus,
581 1448 728 1515 nonnulli
751 1447 963 1513 hirundinum
984 1449 1080 1513 nidos
1103 1459 1134 1513 et
1156 1450 1400 1514 aedificationes
1418 1472 1529 1514 earum

381 1556 549 1617 imitantes
572 1553 613 1615 de
636 1551 704 1616 luto
717 1560 759 1616 ‘et
782 1550 921 1636 virgulis
938 1549 1046 1614 facere
1065 1550 1136 1614 loca
1152 1572 1236 1636 quae
1254 1551 1414 1615 subirent.
1450 1561 1530 1615 tunc

381 1654 594 1720 observantes
616 1653 723 1717 aliena
745 1662 832 1716 tecta
855 1662 887 1716 et
909 1653 1088 1716 adicientes
1111 1654 1177 1716 suis
1201 1652 1456 1737 cogitationibus
1477 1675 1529 1717 res

332 1773 363 1820 10
381 1778 499 1837 novas,
524 1755 710 1819 efficiebant
731 1755 765 1817 in
788 1754 858 1817 dies
881 1752 1016 1818 meliora
1037 1776 1157 1838 genera
1179 1775 1337 1818 casarum.
1382 1776 1457 1819 cum
1481 1768 1561 1819 esa

383 1868 455 1922 sent
482 1869 592 1922 autem
619 1856 767 1921 homines
796 1853 951 1919 imitabili
967 1854 1142 1941 docilique
1169 1866 1302 1939 natura,
1332 1856 1452 1921 cotidie
1480 1858 1528 1920 in-

382 1959 593 2024 ventionibus
629 1956 805 2042 gloriantes
842 1956 925 2020 alius
962 1954 1019 2019 alii
1055 1956 1271 2021 ostendebant
1305 1956 1529 2023 aedificiorum

383 2062 533 2145 effectus,
564 2070 595 2124 et
616 2062 663 2123 ita
687 2067 875 2122 exercentes
898 2059 1032 2143 ingenia
1054 2060 1288 2124 certationibus
1311 2059 1439 2124 indies
1461 2082 1527 2123 me-

381 2163 517 2227 lioribus
545 2160 675 2226 iudiciis
703 2159 938 2224 efficiebantur.
988 2160 1194 2246 primumque
1222 2159 1322 2225 furcis
1352 2162 1468 2225 erectis
1497 2172 1529 2225 et

333 2283 363 2329 15
382 2263 521 2349 virgulis
544 2263 746 2349 interpositis
769 2260 838 2325 luto
860 2262 1000 2348 parietes
1022 2271 1185 2325 texerunt.
1221 2262 1280 2327 alii
1294 2262 1399 2327 luteas
1414 2263 1528 2349 glebas

382 2366 598 2430 arefacientes
627 2363 796 2428 struebant
824 2365 981 2450 parietes,
1009 2364 1146 2426 materia
1175 2385 1229 2428 eos
1252 2366 1527 2449 iugumentantes,

382 2468 580 2554 vitandoque
602 2466 723 2531 imbres
747 2475 778 2529 et
800 2476 909 2529 aestus
930 2463 1085 2549 tegebant
1100 2465 1337 2530 harundinibus
1354 2476 1386 2529 et
1401 2466 1533 2531 fronde.-

381 2579 593 2655 posteaquam
620 2590 678 2654 per
705 2567 858 2632 hibernas
891 2576 1102 2652 tempestates
1134 2576 1221 2630 tecta
1254 2589 1320 2631 non
1353 2577 1528 2654 potuerunt

382 2669 503 2734 imbres
526 2670 701 2750 sustinere,
729 2667 864 2752 fastigia
885 2666 1043 2731 facientes
1067 2667 1135 2731 luto
1156 2666 1309 2751 inducto,
1337 2669 1527 2756 proclinatis

332 2787 366 2836 ao
381 2771 478 2835 tectis
500 2768 668 2835 stillicidia
689 2768 904 2832 deducebant.
1519 2777 1522 2781 '

468 2871 560 2935 Haec
581 2881 689 2934 autem
712 2893 753 2933 ex
775 2872 804 2935 is
833 2893 915 2956 quae
942 2893 1041 2958 supra
1069 2874 1209 2960 scriptae
1239 2884 1315 2938 sunt
1342 2874 1525 2960 originibus
1542 2884 1580 2946 4,

384 2975 534 3037 instituta
555 2994 626 3036 esse
647 2994 817 3059 possumus
840 2974 888 3036 sic
902 2974 1163 3038 animadvertere
1178 2976 1265 3061 quod
1280 2975 1323 3039 ad
1338 2975 1425 3040 hunc
1439 2977 1525 3040 diem

382 3074 568 3140 nationibus
601 3075 722 3137 exteris
752 3095 793 3137 ex
820 3073 871 3137 his
899 3075 997 3138 rebus
1024 3076 1174 3141 aedificia
1196 3079 1451 3160 constituantur,
1478 3079 1527 3142 uti

384 3175 493 3242 Gallia
516 3176 677 3263 Hispania
692 3175 863 3240 Lusitania
878 3177 1068 3262 Aquitania,
1098 3177 1263 3242 scandulis
1285 3177 1448 3244 robusteis
1470 3188 1527 3244 aut

331 3295 364 3344 25
382 3280 577 3342 stramentis.
621 3276 708 3364 apud
730 3278 895 3342 nationem
918 3276 1112 3342 Colchorum
1133 3281 1166 3342 in
1190 3280 1294 3345 Ponto
1315 3291 1449 3368 propter
1471 3280 1524 3346 sil-

382 3403 497 3444 varum
531 3379 764 3443 abundantiam
798 3378 969 3443 arboribus
1001 3382 1168 3468 perpetuis
1201 3380 1307 3468 planis
1342 3382 1461 3448 dextra
1487 3405 1524 3446 ac

383 3482 516 3545 sinistra
532 3482 578 3549 ,in
604 3475 691 3544 terra
718 3482 850 3567 positis,
879 3483 985 3569 spatio
1012 3483 1097 3546 inter
1120 3505 1172 3546 eas
1194 3483 1308 3548 relicto
1331 3494 1452 3569 quanto
1474 3506 1523 3548 ar-

382 3582 497 3647 borum
525 3580 747 3666 longitudines
774 3584 958 3669 patiuntur,
987 3583 1196 3650 conlocantur
1216 3587 1252 3648 in
1274 3587 1430 3650 extremis
1452 3608 1524 3673 par-

381 3685 470 3748 tibus
495 3704 604 3746 earum
632 3705 730 3770 supra
755 3683 876 3748 alterae
902 3696 1127 3768 transversae,
1156 3708 1239 3771 quae
1265 3687 1524 3752 circumcludunt

330 3804 364 3851 30
381 3784 524 3848 medium
545 3786 686 3870 spatium
707 3785 931 3851 habitationis.
975 3798 1044 3851 tum
1067 3789 1199 3874 insuper
1219 3788 1352 3854 alternis
1374 3788 1523 3854 trabibus
1546 3777 1550 3787 ¹

381 3909 423 3950 ex
451 3896 603 3973 quattuor
630 3887 777 3973 partibus
805 3887 941 3972 angulos
969 3890 1233 3974 iugumentantes
1261 3901 1294 3954 et
1315 3893 1362 3955 ita
1383 3893 1523 3978 parietes

379 4070 609 4080 ..---.-.-.

447 4183 464 4229 4
482 4181 608 4230 asticulis
628 4181 657 4230 G.
677 4176 690 4246 ΙΙ
714 4183 745 4230 12
765 4179 835 4230 alius
856 4181 941 4244 (—i0s
954 4189 1013 4232 arete
1031 4183 1150 4246 coruli)
1170 4184 1219 4235 alii
1238 4184 1289 4234 GH
1298 4183 1371 4250 (Ll)=
1392 4183 1442 4234 alii
1460 4183 1522 4235 aliis

380 4282 432 4329 aaa
451 4261 682 4346 cc(n1u{a111¹)‚
703 4282 766 4331 aun
785 4282 836 4354 arn
858 4283 896 4331 ch.
926 4279 937 4348 ll
966 4285 998 4333 14
1020 4285 1130 4335 inurens
1150 4286 1181 4336 c.
1208 4283 1221 4352 ιι
1247 4287 1336 4336 2110:
1360 4287 1404 4336 aa
1429 4288 1488 4341 en.
1506 4285 1519 4352 Μ

382 4363 504 4429 scriptae
522 4365 603 4414 Laet:
627 4367 732 4430 scripta
757 4367 814 4416 GH.
843 4362 855 4432 ll
882 4368 1002 4431 originib
1028 4368 1086 4432 (our.
1104 4370 1262 4434 compendio)
1285 4371 1315 4423 G.
1342 4367 1354 4436 ΙΙ
1382 4375 1415 4421 23
1438 4371 1522 4422 hiso

920 4448 932 4482 s

382 4480 447 4543 (hiis
467 4483 503 4532 60
519 4490 547 4532 ut
563 4480 655 4545 soleti:
677 4484 712 4532 iis
730 4492 789 4534 ante
807 4501 877 4537 corr.
902 4485 1059 4553 (ns=his
1082 4487 1141 4553 Llc)
1165 4489 1203 4543 H,
1231 4485 1243 4554 ΙΙ
1271 4489 1477 4540 constituantur
1492 4489 1522 4538 H

382 4565 466 4629 (Llc):
486 4569 602 4617 —untur
622 4568 651 4618 G.
677 4564 689 4633 {l
709 4570 751 4617 uti
769 4560 856 4635 gallia
875 4573 973 4636 spania
998 4569 1118 4636 (ispania
1137 4573 1190 4634 Hc,
1209 4573 1341 4637 hispania
1359 4573 1418 4639 Llc)
1434 4575 1490 4624 GH.
1506 4572 1518 4639 l!

380 4651 413 4697 24
424 4651 577 4712 aequitania
592 4651 620 4700 G.
639 4648 651 4717 ΙΙ
672 4654 813 4702 scandulis
828 4656 860 4703 G:
881 4656 1060 4705 scandalisH
1074 4656 1150 4720 (Llc).
1171 4653 1184 4721 Η
1203 4659 1366 4722 alquanto:
1384 4661 1422 4707 sic
1435 4659 1492 4708 GH.
1507 4656 1518 4722 {j

380 4736 412 4783 30
430 4738 486 4783 tum
506 4735 533 4783 H
551 4735 633 4800 (Llc):
652 4739 718 4785 tunc
737 4737 766 4786 G.
