3784 5625
705 641 752 697 nn
775 642 1042 696 incurracrmm
1066 647 1135 697 ms.
1159 644 1181 697 t.
1473 631 1510 701 17

366 822 424 887 per
452 797 591 863 hiemem
621 801 719 864 etiam
747 824 830 888 quae
859 801 1144 888 pestilentissimae
1173 805 1238 866 sint
1264 805 1412 888 regiones
1441 807 1508 869 effi-

367 904 495 966 ciantur
528 901 675 966 salubres
712 902 786 968 ideo
824 904 910 989 quod
938 926 958 966 a
988 903 1289 988 refrigerationibus
1318 908 1509 972 solidantur.

365 1026 429 1069 non
456 1005 563 1067 minus
587 1005 685 1066 etiam
708 1026 790 1090 quae
812 1006 854 1068 ab
877 1004 1008 1089 frigidis
1031 1005 1219 1089 regionibus
1243 1028 1378 1092 corpora
1399 1009 1509 1073 tradu-

366 1115 482 1168 cuntur
496 1105 530 1167 in
547 1104 685 1187 calidas,
708 1127 773 1169 non
792 1115 928 1192 possunt
950 1105 1067 1169 durarc
1089 1107 1147 1170 sed
1170 1107 1405 1190 dissolvuntur,
1429 1133 1511 1195 quae

364 1217 475 1270 autem
503 1229 545 1269 cx
574 1206 688 1270 calidis
717 1206 796 1271 locis
827 1206 887 1271 sub
909 1203 1166 1294 septentrionum
1188 1210 1337 1292 regiones
1360 1210 1545 1298 frigiditas

364 1331 430 1372 non
460 1307 555 1372 modo
584 1330 648 1372 non
676 1307 826 1373 laborant
852 1310 1068 1373 inmutatione
1096 1309 1160 1373 loci
1187 1291 1438 1376 valetudinibui
1454 1312 1512 1374 sed

330 1412 465 1473 setiam
495 1409 734 1474 confirmantur.
784 1431 883 1495 quare
911 1409 1094 1488 cavendum
1123 1432 1194 1474 esse
1216 1411 1348 1475 videtur
1368 1414 1404 1475 in
1425 1435 1511 1477 moe-

365 1513 463 1575 nibus
494 1509 701 1575 conlocandis
729 1512 771 1575 ab
799 1513 827 1576 is
855 1512 1043 1597 regionibus
1073 1533 1155 1596 quae
1183 1534 1203 1574 a
1228 1511 1391 1585 vcaloribus
1414 1513 1510 1578 flatus

365 1614 407 1677 ad
431 1635 566 1699 corpora
587 1612 754 1678 hominum
776 1623 912 1699 possunt
934 1634 1098 1700 spargere.
1142 1636 1281 1700 namque
1296 1637 1313 1677 e
1329 1616 1511 1702 principiis,

367 1737 449 1802 quae
465 1714 584 1780 Graeci
607 1732 754 1797 στοιχεια
776 1713 958 1801 appellant,
981 1726 1017 1781 ut
1040 1716 1148 1780 omnia
1170 1738 1305 1803 corpora
1328 1727 1403 1781 sunt
1426 1732 1563 1782 com-10

367 1818 488 1903 posita,
522 1817 558 1880 id
591 1827 639 1882 est
669 1838 686 1880 e
714 1816 820 1881 calore
849 1826 881 1880 et
908 1839 1037 1900 umore,
1069 1827 1198 1882 terreno
1226 1827 1258 1881 et
1285 1840 1376 1901 aere,
1412 1829 1444 1883 et
1466 1821 1512 1883 ita

366 1918 581 1983 mixtionibus
609 1917 750 1982 naturali
780 1929 1000 2004 temperatura
1021 1918 1203 2003 figurantur
1224 1921 1368 1984 omnium
1388 1922 1511 1984 anima-

332 2025 348 2071 ⁰
367 2021 447 2083 lium
469 2022 504 2083 in
525 2020 646 2084 mundo
668 2021 850 2104 generatim
873 2022 1056 2106 qualitates.
1102 2041 1179 2104 crgo
1201 2021 1236 2083 in
1250 2021 1377 2106 ‘quibus
1399 2044 1511 2109 corpo-

366 2121 456 2186 ribus
474 2144 546 2187 cum
569 2132 743 2208 exsuperat
767 2144 784 2185 e
806 2122 976 2209 principiis
999 2121 1097 2203 calor,
1121 2131 1199 2185 tunc
1220 2122 1374 2188 interficit
1397 2122 1511 2188 dissol·
1571 2143 1577 2152 ·

367 2224 480 2310 vitque
503 2234 610 2288 cetera
632 2222 770 2289 fervore.
821 2224 902 2287 haec
922 2234 1032 2288 autem
1055 2224 1137 2286 vitia
1160 2223 1261 2287 efficit
1282 2224 1447 2287 fervidum
1469 2224 1511 2288 ab
1531 2240 1562 2287 15

368 2327 465 2389 certis
494 2326 642 2414 partibus
672 2325 811 2408 caelum,
847 2345 920 2387 cum
951 2325 1067 2389 insidit
1094 2326 1129 2387 in
1156 2334 1284 2410 apertas
1314 2346 1414 2389 venas
1437 2325 1510 2410 plus

368 2450 465 2512 quam
497 2430 621 2515 patitur
654 2448 671 2488 e
703 2426 918 2490 mixtionibus
952 2423 1093 2489 naturali
1126 2435 1344 2509 temperatura
1382 2446 1509 2511 corpus.

366 2530 445 2592 item
461 2530 489 2592 si
504 2551 596 2593 umor
618 2529 789 2615 occupavit
812 2548 981 2613 corporum
1005 2548 1104 2589 venas
1127 2528 1321 2611 inparesque
1344 2548 1398 2590 eas
1421 2525 1511 2609 fecit²

306 2699 309 2702 ,
368 2640 476 2693 cetera
508 2630 669 2717 principia
696 2639 733 2693 ut
759 2652 779 2691 a
807 2628 932 2714 liquido
961 2638 1113 2714 corrupta
1139 2626 1308 2691 diluuntur
1336 2638 1367 2692 et
1395 2627 1510 2692 dissol-

368 2741 489 2795 vuntur
510 2732 753 2820 compositionis
774 2731 924 2795 virtutes.
968 2731 1047 2794 item
1067 2730 1148 2794 haec
1168 2751 1185 2792 e
1207 2728 1510 2815 refrigerationibus
1529 2744 1562 2791 20

367 2836 489 2899 umoris
513 2845 684 2900 ventorum
712 2843 744 2898 et
771 2856 922 2898 aurarum
950 2833 1168 2897 infunduntur
1197 2833 1280 2896 vitia
1310 2831 1510 2918 corporibus.

368 2923 433 3001 non
459 2938 566 3001 minus
594 2937 679 3000 aeris
703 2937 864 3023 etiamque
886 2937 1008 3000 terreni
1029 2937 1065 2999 in
1087 2956 1221 3020 corpore
1244 2933 1401 2999 naturalis
1425 2954 1509 2997 com-

369 3039 487 3124 positio
510 3038 658 3122 augendo
681 3048 737 3102 aut
758 3037 934 3103 minuendo
955 3036 1098 3100 infirmat
1121 3036 1424 3121 cetera'principia
1446 3044 1510 3098 ter·

369 3162 483 3204 renum
506 3139 571 3203 cibi
593 3139 760 3226 plenitate,
783 3162 839 3203 aer
860 3139 1024 3224 gravitate
1046 3136 1137 3202 caeli.

439 3467 507 3516 3ab
527 3466 647 3532 frigidis:
670 3468 707 3516 sic
727 3466 785 3516 611.
810 3461 822 3530 Η
850 3414 1102 3514 osubtintnonim
1124 3471 1149 3513 et
1172 3465 1198 3512 in
1219 3479 1298 3528 marg.
1315 3467 1350 3516 Χ
1367 3477 1415 3526 sep
1439 3463 1474 3512 H.
1498 3462 1509 3525 ii

371 3554 387 3601 8
406 3552 430 3600 is
449 3549 493 3612 (iis
511 3551 593 3614 duait
612 3552 655 3600 his
675 3551 733 3602 GH.
746 3548 758 3616 ll
770 3566 787 3600 a
806 3549 945 3600 caloribus
963 3550 999 3600 L:
1020 3548 1158 3598 caloribus
1178 3549 1228 3598 GH
1247 3546 1301 3610 (lc).
1325 3543 1336 3612 ΙΙ
1359 3549 1374 3596 9
1394 3546 1510 3610 aprinci-

371 3635 426 3700 piis
439 3635 476 3682 L:
497 3634 632 3698 (Namque
648 3635 677 3696 6,
697 3636 793 3700 Namq3
814 3633 852 3698 H)
872 3635 1017 3698 principiis
1031 3634 1088 3697 (oni.
1103 3633 1129 3695 e)
1150 3629 1264 3695 61161).
1289 3627 1301 3696 ll
1325 3632 1356 3678 10
1369 3645 1452 3694 greco
1467 3667 1472 3677 .
1485 3666 1509 3678 ..

372 3719 549 3783 appellantur
566 3720 597 3767 L.
611 3715 623 3784 ΙΙ
640 3719 766 3769 stoechia
786 3719 843 3769 GH.
868 3715 879 3783 Η
903 3721 933 3767 11
957 3718 1066 3767 ecalore
1084 3718 1114 3766 H
1126 3715 1226 3781 (ctat,
1247 3715 1339 3764 calore
1363 3722 1422 3764 ante
1440 3730 1509 3764 corr.

371 3820 397 3852 c:
419 3802 530 3851 acalcie
551 3803 579 3851 G.
602 3799 613 3866 ΙΙ
635 3800 657 3850 dr
676 3800 715 3864 (et
735 3804 766 3866 6)
786 3806 825 3851 ita
844 3803 1035 3853 mixtionibus:
1054 3804 1092 3851 sic
1112 3802 1162 3850 GH
1180 3799 1248 3864 (Lic,
1260 3801 1308 3849 sed
1321 3799 1353 3848 G⁶
1368 3800 1417 3847 del.
1431 3799 1480 3867 ct).
1496 3796 1509 3862 ii

373 3890 404 3937 13
424 3885 568 3948 qualitatis
586 3892 645 3934 unte
658 3901 728 3936 corr.
748 3888 781 3937 H.
804 3883 816 3952 ll
840 3888 872 3935 14
886 3891 1060 3952 exsuperate
1075 3887 1096 3935 6
1109 3884 1170 3950 (L):
1190 3882 1376 3949 exulperatae
1389 3884 1417 3931 H
1436 3883 1513 3945 (exu-

372 3974 468 4037 perato
487 3970 524 4025 cli,
545 3973 693 4033 exuperato
712 3969 740 4035 1).
753 3967 765 4036 ll
778 3986 856 4021 curor
878 3978 937 4021 ante
961 3987 1028 4023 corr.
1049 3972 1083 4019 H.
1106 3967 1118 4035 ΙΙ
1147 3972 1178 4019 16
1202 3969 1285 4018 certis
1308 3969 1363 4016 eri:
1394 3967 1513 4015 caeteris

374 4053 500 4118 (calceris
519 4055 559 4114 H,
584 4053 685 4118 cqteris
710 4052 741 4116 6)
756 4055 813 4104 611.
837 4051 849 4120 ll
878 4058 909 4104 19
927 4061 958 4104 ut
976 4071 993 4103 a
1011 4055 1113 4118 liquido
1131 4054 1203 4103 doc:
1228 4056 1258 4100 ut
1280 4050 1405 4114 aliquida
1424 4052 1451 4098 H
1469 4049 1510 4114 (ic,

372 4140 414 4189 uti
431 4138 539 4202 liquida
558 4139 604 4201 L),
627 4141 658 4190 ut
679 4136 785 4200 liquida
806 4139 834 4192 6.
862 4134 876 4203 ll
903 4141 1019 4189 20item
1038 4139 1189 4187 herseela:
1212 4138 1250 4184 sic
1274 4134 1325 4183 GH
1343 4133 1389 4194 (ic,
1407 4136 1454 4184 sed
1471 4135 1509 4183 L:

372 4278 415 4326 Itc
434 4268 708 4340 &refrigerationibus
726 4273 795 4321 haec
818 4277 961 4322 ventorum
983 4273 1103 4323 humoris
1128 4276 1156 4320 et
1179 4284 1307 4320 aurarum
1330 4268 1380 4318 inf.
1398 4222 1468 4319 vilia
1487 4285 1511 4319 c.

373 4377 427 4409 cum
444 4362 523 4423 siquis
540 4359 684 4418 immutandi
701 4354 819 4420 ordinis),
842 4357 905 4405 haec
921 4359 977 4406 scil.
997 4353 1178 4420 exsuperantio
1195 4358 1221 4403 in
1238 4368 1348 4418 corpore
1366 4353 1460 4404 arauris
1477 4360 1511 4402 oi·

373 4447 411 4494 tia
429 4461 442 4493 e
460 4443 697 4508 refrigerationibus
714 4443 807 4491 umoris
825 4441 868 4505 qui
880 4447 917 4490 eri
929 4448 1056 4502 ventorum
1068 4456 1091 4492 e.
1104 4456 1128 4489 α.
1146 4439 1320 4502 infunduntur·
1348 4437 1381 4499 rs.
1399 4455 1421 4489 v.
1437 4441 1475 4488 15.
1497 4433 1510 4504 ΙΙ

374 4531 407 4578 22
426 4542 496 4592 quae
516 4527 579 4592 (quq
595 4527 599 4589 1
616 4528 648 4589 6)
667 4526 770 4576 terreni
790 4527 840 4575 GH
864 4523 945 4589 (quac
969 4530 1078 4574 terreno
1097 4525 1133 4582 L,
1158 4539 1209 4589 quq
1225 4521 1268 4574 iri
1293 4518 1414 4587 [terram]
1434 4522 1477 4585 ic).
1497 4518 1510 4587 ΙΙ

375 4615 408 4663 23
426 4616 564 4662 terrenum
582 4627 641 4676 epo:
666 4617 776 4662 terrena
796 4610 852 4660 611.
876 4606 888 4675 Η
915 4611 948 4658 24
967 4607 1136 4672 plenitudine
1155 4609 1188 4659 L.
1205 4604 1218 4674 Η
1235 4624 1283 4657 aer
1302 4606 1353 4655 611
1371 4602 1456 4668 (Lic):
1481 4621 1514 4653 ae

376 4695 537 4760 (arridetur,
557 4713 632 4747 eraso
650 4696 674 4760 r)
695 4697 735 4746 6⁶.

411 4795 526 4834 vrrnuv.
546 4799 580 4833 na
600 4796 712 4834 Ancum.
1292 4773 1312 4834 2
