<?xml version="1.0" encoding="UTF-8"?>
<!DOCTYPE html PUBLIC "-//W3C//DTD XHTML 1.0 Transitional//EN"
    "http://www.w3.org/TR/xhtml1/DTD/xhtml1-transitional.dtd">
<html xmlns="http://www.w3.org/1999/xhtml" xml:lang="en" lang="en">
 <head>
  <title>
</title>
<meta http-equiv="Content-Type" content="text/html;charset=utf-8" />
  <meta name='ocr-system' content='tesseract 3.04.00' />
  <meta name='ocr-capabilities' content='ocr_page ocr_carea ocr_par ocr_line ocrx_word'/>
</head>
<body>
  <div class='ocr_page' id='page_1' title='image "./vitruviidearchi01strgoog_0280.png"; bbox 0 0 3784 5625; ppageno 0'>
   <div class='ocr_carea' id='block_1_1' title="bbox 443 689 1092 752">
    <p class='ocr_par' dir='ltr' id='par_1_1' title="bbox 443 689 1092 752">
     <span class='ocr_line' id='line_1_1' title="bbox 443 689 1092 752; baseline -0.009 0"><span class='ocrx_word' id='word_1_1' title='bbox 443 689 505 752; x_wconf 78' lang='lat'>262</span> <span class='ocrx_word' id='word_1_2' title='bbox 933 701 1092 747; x_wconf 80' lang='lat' dir='ltr'>vlrsuvn</span> 
     </span>
    </p>
   </div>
   <div class='ocr_carea' id='block_1_2' title="bbox 344 852 1647 3582">
    <p class='ocr_par' dir='ltr' id='par_1_2' title="bbox 344 852 1594 1246">
     <span class='ocr_line' id='line_1_2' title="bbox 344 852 1593 921; baseline -0.003 0"><span class='ocrx_word' id='word_1_3' title='bbox 344 859 346 864; x_wconf 80' lang='grc'><strong>’</strong></span> <span class='ocrx_word' id='word_1_4' title='bbox 444 859 533 921; x_wconf 87' lang='lat' dir='ltr'>ciunt</span> <span class='ocrx_word' id='word_1_5' title='bbox 555 878 648 919; x_wconf 90' lang='lat' dir='ltr'>nares</span> <span class='ocrx_word' id='word_1_6' title='bbox 671 857 705 918; x_wconf 93' lang='lat' dir='ltr'>in</span> <span class='ocrx_word' id='word_1_7' title='bbox 728 852 868 918; x_wconf 87' lang='lat' dir='ltr'>canales.</span> <span class='ocrx_word' id='word_1_8' title='bbox 906 876 949 916; x_wconf 83' lang='lat' dir='ltr'>ex</span> <span class='ocrx_word' id='word_1_9' title='bbox 971 852 1138 917; x_wconf 87' lang='lat' dir='ltr'>canalibus</span> <span class='ocrx_word' id='word_1_10' title='bbox 1160 863 1269 917; x_wconf 89' lang='lat' dir='ltr'>autem</span> <span class='ocrx_word' id='word_1_11' title='bbox 1292 874 1395 917; x_wconf 91' lang='lat' dir='ltr'>canon</span> <span class='ocrx_word' id='word_1_12' title='bbox 1417 853 1520 917; x_wconf 91' lang='lat' dir='ltr'>habet</span> <span class='ocrx_word' id='word_1_13' title='bbox 1542 876 1593 919; x_wconf 90' lang='lat' dir='ltr'>or-</span> 
     </span>
     <span class='ocr_line' id='line_1_3' title="bbox 444 954 1594 1042; baseline -0.001 -20"><span class='ocrx_word' id='word_1_14' title='bbox 444 960 556 1023; x_wconf 89' lang='lat' dir='ltr'>dinata</span> <span class='ocrx_word' id='word_1_15' title='bbox 578 960 612 1030; x_wconf 88' lang='lat' dir='ltr'>in</span> <span class='ocrx_word' id='word_1_16' title='bbox 633 967 820 1021; x_wconf 91' lang='lat' dir='ltr'>transverso</span> <span class='ocrx_word' id='word_1_17' title='bbox 835 956 996 1019; x_wconf 86' lang='lat' dir='ltr'>foramina</span> <span class='ocrx_word' id='word_1_18' title='bbox 1011 954 1241 1041; x_wconf 79' lang='lat' dir='ltr'>respondentia</span> <span class='ocrx_word' id='word_1_19' title='bbox 1255 955 1389 1019; x_wconf 89' lang='lat' dir='ltr'>naribus</span> <span class='ocrx_word' id='word_1_20' title='bbox 1407 978 1494 1042; x_wconf 89' lang='lat' dir='ltr'>quae</span> <span class='ocrx_word' id='word_1_21' title='bbox 1517 970 1594 1021; x_wconf 87' lang='lat' dir='ltr'>sunt</span> 
     </span>
     <span class='ocr_line' id='line_1_4' title="bbox 444 1056 1593 1142; baseline -0.003 -17"><span class='ocrx_word' id='word_1_22' title='bbox 444 1064 479 1125; x_wconf 92' lang='lat' dir='ltr'>in</span> <span class='ocrx_word' id='word_1_23' title='bbox 500 1060 613 1125; x_wconf 91' lang='lat' dir='ltr'>tabula</span> <span class='ocrx_word' id='word_1_24' title='bbox 640 1080 780 1139; x_wconf 86' lang='lat' dir='ltr'>summa,</span> <span class='ocrx_word' id='word_1_25' title='bbox 810 1079 893 1142; x_wconf 92' lang='lat' dir='ltr'>quae</span> <span class='ocrx_word' id='word_1_26' title='bbox 919 1058 1033 1121; x_wconf 86' lang='lat' dir='ltr'>tabula</span> <span class='ocrx_word' id='word_1_27' title='bbox 1061 1079 1178 1142; x_wconf 78' lang='lat' dir='ltr'>graece</span> <span class='ocrx_word' id='word_1_28' title='bbox 1200 1056 1301 1133; x_wconf 81' lang='grc' dir='ltr'><strong><em>πιναξ</em></strong></span> <span class='ocrx_word' id='word_1_29' title='bbox 1324 1056 1458 1120; x_wconf 89' lang='lat' dir='ltr'>dieitur.</span> <span class='ocrx_word' id='word_1_30' title='bbox 1503 1060 1593 1122; x_wconf 90' lang='lat' dir='ltr'>inter</span> 
     </span>
     <span class='ocr_line' id='line_1_5' title="bbox 444 1158 1592 1246; baseline -0.003 -20"><span class='ocrx_word' id='word_1_31' title='bbox 444 1161 588 1227; x_wconf 87' lang='lat' dir='ltr'>tabulam</span> <span class='ocrx_word' id='word_1_32' title='bbox 612 1170 644 1223; x_wconf 93' lang='lat' dir='ltr'>et</span> <span class='ocrx_word' id='word_1_33' title='bbox 665 1182 789 1223; x_wconf 87' lang='lat' dir='ltr'>canona</span> <span class='ocrx_word' id='word_1_34' title='bbox 810 1158 1042 1242; x_wconf 83' lang='lat' dir='ltr'>regulae·sunt</span> <span class='ocrx_word' id='word_1_35' title='bbox 1064 1160 1277 1246; x_wconf 78' lang='lat' dir='ltr'>interpositae</span> <span class='ocrx_word' id='word_1_36' title='bbox 1299 1159 1342 1221; x_wconf 90' lang='lat' dir='ltr'>ad</span> <span class='ocrx_word' id='word_1_37' title='bbox 1365 1160 1510 1223; x_wconf 90' lang='lat' dir='ltr'>eundem</span> <span class='ocrx_word' id='word_1_38' title='bbox 1524 1182 1592 1223; x_wconf 92' lang='lat' dir='ltr'>mo-</span> 
     </span>
    </p>

    <p class='ocr_par' dir='ltr' id='par_1_3' title="bbox 413 1258 1627 1754">
     <span class='ocr_line' id='line_1_6' title="bbox 413 1258 1593 1347; baseline -0.003 -20"><span class='ocrx_word' id='word_1_39' title='bbox 413 1280 427 1327; x_wconf 78' lang='lat' dir='ltr'>t</span> <span class='ocrx_word' id='word_1_40' title='bbox 446 1265 525 1327; x_wconf 91' lang='lat' dir='ltr'>dum</span> <span class='ocrx_word' id='word_1_41' title='bbox 546 1263 670 1327; x_wconf 85' lang='lat' dir='ltr'>foratae</span> <span class='ocrx_word' id='word_1_42' title='bbox 693 1270 725 1323; x_wconf 90' lang='lat' dir='ltr'>et</span> <span class='ocrx_word' id='word_1_43' title='bbox 748 1259 818 1324; x_wconf 92' lang='lat' dir='ltr'>oleo</span> <span class='ocrx_word' id='word_1_44' title='bbox 841 1260 996 1324; x_wconf 80' lang='lat' dir='ltr'>subactae</span> <span class='ocrx_word' id='word_1_45' title='bbox 1018 1270 1055 1324; x_wconf 93' lang='lat' dir='ltr'>ut</span> <span class='ocrx_word' id='word_1_46' title='bbox 1078 1260 1220 1325; x_wconf 77' lang='lat' dir='ltr'>faciliter</span> <span class='ocrx_word' id='word_1_47' title='bbox 1241 1258 1441 1347; x_wconf 88' lang='lat' dir='ltr'>inpellantur</span> <span class='ocrx_word' id='word_1_48' title='bbox 1465 1270 1499 1325; x_wconf 89' lang='lat' dir='ltr'>et</span> <span class='ocrx_word' id='word_1_49' title='bbox 1521 1284 1593 1324; x_wconf 91' lang='lat' dir='ltr'>rur-</span> 
     </span>
     <span class='ocr_line' id='line_1_7' title="bbox 446 1362 1594 1450; baseline -0.003 -21"><span class='ocrx_word' id='word_1_50' title='bbox 446 1388 502 1429; x_wconf 90' lang='lat' dir='ltr'>sus</span> <span class='ocrx_word' id='word_1_51' title='bbox 525 1366 687 1427; x_wconf 81' lang='lat' dir='ltr'>introrsus</span> <span class='ocrx_word' id='word_1_52' title='bbox 710 1362 919 1445; x_wconf 74' lang='lat' dir='ltr'>reducantur,</span> <span class='ocrx_word' id='word_1_53' title='bbox 943 1384 1027 1447; x_wconf 90' lang='lat' dir='ltr'>quae</span> <span class='ocrx_word' id='word_1_54' title='bbox 1050 1363 1203 1427; x_wconf 90' lang='lat' dir='ltr'>obturant</span> <span class='ocrx_word' id='word_1_55' title='bbox 1219 1384 1257 1424; x_wconf 92' lang='lat' dir='ltr'>ea</span> <span class='ocrx_word' id='word_1_56' title='bbox 1272 1362 1433 1425; x_wconf 87' lang='lat' dir='ltr'>foramina</span> <span class='ocrx_word' id='word_1_57' title='bbox 1456 1362 1594 1450; x_wconf 92' lang='lat' dir='ltr'>plinthi-</span> 
     </span>
     <span class='ocr_line' id='line_1_8' title="bbox 446 1461 1596 1553; baseline -0.002 -23"><span class='ocrx_word' id='word_1_58' title='bbox 446 1468 568 1552; x_wconf 85' lang='lat' dir='ltr'>desque</span> <span class='ocrx_word' id='word_1_59' title='bbox 600 1463 815 1553; x_wconf 88' lang='lat' dir='ltr'>appellantur.</span> <span class='ocrx_word' id='word_1_60' title='bbox 870 1486 1007 1549; x_wconf 90' lang='lat' dir='ltr'>quarum</span> <span class='ocrx_word' id='word_1_61' title='bbox 1034 1465 1099 1526; x_wconf 92' lang='lat' dir='ltr'>itus</span> <span class='ocrx_word' id='word_1_62' title='bbox 1135 1474 1167 1526; x_wconf 91' lang='lat' dir='ltr'>et</span> <span class='ocrx_word' id='word_1_63' title='bbox 1195 1462 1318 1527; x_wconf 88' lang='lat' dir='ltr'>reditus</span> <span class='ocrx_word' id='word_1_64' title='bbox 1347 1461 1429 1527; x_wconf 89' lang='lat' dir='ltr'>alias</span> <span class='ocrx_word' id='word_1_65' title='bbox 1463 1464 1596 1529; x_wconf 89' lang='lat' dir='ltr'>obturat</span> 
     </span>
     <span class='ocr_line' id='line_1_9' title="bbox 446 1564 1627 1653; baseline 0 -23"><span class='ocrx_word' id='word_1_66' title='bbox 446 1567 527 1630; x_wconf 90' lang='lat' dir='ltr'>alias</span> <span class='ocrx_word' id='word_1_67' title='bbox 550 1568 655 1653; x_wconf 90' lang='lat' dir='ltr'>aperit</span> <span class='ocrx_word' id='word_1_68' title='bbox 678 1565 925 1629; x_wconf 89' lang='lat' dir='ltr'>terebrationes.</span> <span class='ocrx_word' id='word_1_69' title='bbox 975 1566 1055 1629; x_wconf 90' lang='lat' dir='ltr'>haee</span> <span class='ocrx_word' id='word_1_70' title='bbox 1083 1564 1216 1649; x_wconf 88' lang='lat' dir='ltr'>regulae</span> <span class='ocrx_word' id='word_1_71' title='bbox 1243 1564 1365 1628; x_wconf 89' lang='lat' dir='ltr'>habent</span> <span class='ocrx_word' id='word_1_72' title='bbox 1387 1566 1498 1629; x_wconf 88' lang='lat' dir='ltr'>ferrea</span> <span class='ocrx_word' id='word_1_73' title='bbox 1520 1566 1627 1630; x_wconf 83' lang='lat' dir='ltr'>eho-4</span> 
     </span>
     <span class='ocr_line' id='line_1_10' title="bbox 445 1667 1597 1754; baseline 0.001 -23"><span class='ocrx_word' id='word_1_74' title='bbox 445 1669 538 1751; x_wconf 89' lang='lat' dir='ltr'>ragia</span> <span class='ocrx_word' id='word_1_75' title='bbox 564 1667 631 1729; x_wconf 83' lang='lat' dir='ltr'>fixa</span> <span class='ocrx_word' id='word_1_76' title='bbox 659 1677 691 1730; x_wconf 90' lang='lat' dir='ltr'>et</span> <span class='ocrx_word' id='word_1_77' title='bbox 719 1668 830 1730; x_wconf 90' lang='lat' dir='ltr'>iuncta</span> <span class='ocrx_word' id='word_1_78' title='bbox 857 1689 930 1730; x_wconf 92' lang='lat' dir='ltr'>cum</span> <span class='ocrx_word' id='word_1_79' title='bbox 959 1668 1085 1753; x_wconf 81' lang='lat' dir='ltr'>pinnis,</span> <span class='ocrx_word' id='word_1_80' title='bbox 1119 1689 1257 1754; x_wconf 90' lang='lat' dir='ltr'>quarum</span> <span class='ocrx_word' id='word_1_81' title='bbox 1283 1668 1459 1753; x_wconf 90' lang='lat' dir='ltr'>pinnarum</span> <span class='ocrx_word' id='word_1_82' title='bbox 1488 1678 1597 1732; x_wconf 89' lang='lat' dir='ltr'>tactus</span> 
     </span>
    </p>

    <p class='ocr_par' dir='ltr' id='par_1_4' title="bbox 399 1767 1600 2263">
     <span class='ocr_line' id='line_1_11' title="bbox 399 1767 1597 1855; baseline 0 -22"><span class='ocrx_word' id='word_1_83' title='bbox 399 1788 429 1835; x_wconf 91' lang='lat'>10</span> <span class='ocrx_word' id='word_1_84' title='bbox 446 1770 605 1833; x_wconf 87' lang='lat' dir='ltr'>motiones</span> <span class='ocrx_word' id='word_1_85' title='bbox 628 1768 729 1831; x_wconf 88' lang='lat' dir='ltr'>efficit</span> <span class='ocrx_word' id='word_1_86' title='bbox 751 1768 937 1852; x_wconf 83' lang='lat' dir='ltr'>regularum</span> <span class='ocrx_word' id='word_1_87' title='bbox 966 1769 1179 1832; x_wconf 86' lang='lat' dir='ltr'>continenter.</span> <span class='ocrx_word' id='word_1_88' title='bbox 1224 1790 1322 1855; x_wconf 90' lang='lat' dir='ltr'>supra</span> <span class='ocrx_word' id='word_1_89' title='bbox 1348 1767 1484 1832; x_wconf 91' lang='lat' dir='ltr'>tabulae</span> <span class='ocrx_word' id='word_1_90' title='bbox 1512 1769 1597 1834; x_wconf 89' lang='lat' dir='ltr'>fora·</span> 
     </span>
     <span class='ocr_line' id='line_1_12' title="bbox 446 1869 1599 1957; baseline 0.003 -24"><span class='ocrx_word' id='word_1_91' title='bbox 446 1872 545 1951; x_wconf 87' lang='lat' dir='ltr'>mina,</span> <span class='ocrx_word' id='word_1_92' title='bbox 570 1892 634 1955; x_wconf 89' lang='lat' dir='ltr'>qua</span> <span class='ocrx_word' id='word_1_93' title='bbox 657 1892 699 1932; x_wconf 84' lang='lat' dir='ltr'>ex</span> <span class='ocrx_word' id='word_1_94' title='bbox 721 1869 890 1933; x_wconf 88' lang='lat' dir='ltr'>canalibus</span> <span class='ocrx_word' id='word_1_95' title='bbox 912 1870 1035 1939; x_wconf 90' lang='lat' dir='ltr'>habent</span> <span class='ocrx_word' id='word_1_96' title='bbox 1051 1892 1219 1953; x_wconf 88' lang='lat' dir='ltr'>egressum</span> <span class='ocrx_word' id='word_1_97' title='bbox 1235 1872 1382 1957; x_wconf 86' lang='lat' dir='ltr'>spiritus,</span> <span class='ocrx_word' id='word_1_98' title='bbox 1406 1882 1485 1936; x_wconf 88' lang='lat' dir='ltr'>sunt</span> <span class='ocrx_word' id='word_1_99' title='bbox 1507 1872 1599 1935; x_wconf 90' lang='lat' dir='ltr'>anuli</span> 
     </span>
     <span class='ocr_line' id='line_1_13' title="bbox 448 1970 1597 2057; baseline 0.002 -22"><span class='ocrx_word' id='word_1_100' title='bbox 448 1971 656 2055; x_wconf 83' lang='lat' dir='ltr'>adglutinati,</span> <span class='ocrx_word' id='word_1_101' title='bbox 680 1972 798 2056; x_wconf 88' lang='lat' dir='ltr'>quibus</span> <span class='ocrx_word' id='word_1_102' title='bbox 822 1970 966 2055; x_wconf 84' lang='lat' dir='ltr'>lingulae</span> <span class='ocrx_word' id='word_1_103' title='bbox 989 1972 1132 2035; x_wconf 92' lang='lat' dir='ltr'>omnium</span> <span class='ocrx_word' id='word_1_104' title='bbox 1154 1971 1364 2037; x_wconf 87' lang='lat' dir='ltr'>includuntur</span> <span class='ocrx_word' id='word_1_105' title='bbox 1387 1994 1597 2057; x_wconf 85' lang='lat' dir='ltr'>organorum.</span> 
     </span>
     <span class='ocr_line' id='line_1_14' title="bbox 449 2071 1599 2162; baseline 0.003 -26"><span class='ocrx_word' id='word_1_106' title='bbox 449 2096 466 2136; x_wconf 90' lang='lat' dir='ltr'>e</span> <span class='ocrx_word' id='word_1_107' title='bbox 486 2071 637 2137; x_wconf 86' lang='lat' dir='ltr'>modiolis</span> <span class='ocrx_word' id='word_1_108' title='bbox 660 2082 769 2135; x_wconf 89' lang='lat' dir='ltr'>autem</span> <span class='ocrx_word' id='word_1_109' title='bbox 783 2072 912 2136; x_wconf 89' lang='lat' dir='ltr'>fistulae</span> <span class='ocrx_word' id='word_1_110' title='bbox 927 2082 1003 2136; x_wconf 91' lang='lat' dir='ltr'>sunt</span> <span class='ocrx_word' id='word_1_111' title='bbox 1026 2074 1227 2139; x_wconf 90' lang='lat' dir='ltr'>continentes</span> <span class='ocrx_word' id='word_1_112' title='bbox 1243 2075 1437 2138; x_wconf 88' lang='lat' dir='ltr'>coniunctae</span> <span class='ocrx_word' id='word_1_113' title='bbox 1460 2077 1599 2162; x_wconf 84' lang='lat' dir='ltr'>pnigeos</span> 
     </span>
     <span class='ocr_line' id='line_1_15' title="bbox 449 2174 1600 2263; baseline 0.002 -24"><span class='ocrx_word' id='word_1_114' title='bbox 449 2175 633 2239; x_wconf 86' lang='lat' dir='ltr'>cervicibus</span> <span class='ocrx_word' id='word_1_115' title='bbox 656 2175 922 2261; x_wconf 87' lang='lat' dir='ltr'>pertinentesque</span> <span class='ocrx_word' id='word_1_116' title='bbox 950 2174 993 2237; x_wconf 91' lang='lat' dir='ltr'>ad</span> <span class='ocrx_word' id='word_1_117' title='bbox 1014 2197 1109 2239; x_wconf 89' lang='lat' dir='ltr'>nares</span> <span class='ocrx_word' id='word_1_118' title='bbox 1137 2197 1220 2263; x_wconf 92' lang='lat' dir='ltr'>quae</span> <span class='ocrx_word' id='word_1_119' title='bbox 1248 2176 1380 2238; x_wconf 91' lang='lat' dir='ltr'>suntin</span> <span class='ocrx_word' id='word_1_120' title='bbox 1402 2176 1528 2240; x_wconf 89' lang='lat' dir='ltr'>arcula.</span> <span class='ocrx_word' id='word_1_121' title='bbox 1566 2179 1600 2241; x_wconf 89' lang='lat' dir='ltr'>in</span> 
     </span>
    </p>

    <p class='ocr_par' dir='ltr' id='par_1_5' title="bbox 400 2276 1631 2771">
     <span class='ocr_line' id='line_1_16' title="bbox 400 2276 1600 2364; baseline -0.001 -21"><span class='ocrx_word' id='word_1_122' title='bbox 400 2296 431 2343; x_wconf 89' lang='lat'>15</span> <span class='ocrx_word' id='word_1_123' title='bbox 449 2276 569 2364; x_wconf 89' lang='lat' dir='ltr'>quibus</span> <span class='ocrx_word' id='word_1_124' title='bbox 592 2298 682 2340; x_wconf 91' lang='lat' dir='ltr'>asses</span> <span class='ocrx_word' id='word_1_125' title='bbox 706 2285 782 2339; x_wconf 90' lang='lat' dir='ltr'>sunt</span> <span class='ocrx_word' id='word_1_126' title='bbox 805 2298 847 2339; x_wconf 82' lang='lat' dir='ltr'>ex</span> <span class='ocrx_word' id='word_1_127' title='bbox 869 2286 962 2340; x_wconf 88' lang='lat' dir='ltr'>torno</span> <span class='ocrx_word' id='word_1_128' title='bbox 985 2277 1113 2340; x_wconf 88' lang='lat' dir='ltr'>subacti</span> <span class='ocrx_word' id='word_1_129' title='bbox 1137 2286 1169 2341; x_wconf 93' lang='lat' dir='ltr'>et</span> <span class='ocrx_word' id='word_1_130' title='bbox 1185 2276 1232 2340; x_wconf 92' lang='lat' dir='ltr'>ibi</span> <span class='ocrx_word' id='word_1_131' title='bbox 1247 2276 1418 2359; x_wconf 87' lang='lat' dir='ltr'>conlocati,</span> <span class='ocrx_word' id='word_1_132' title='bbox 1443 2279 1502 2363; x_wconf 90' lang='lat' dir='ltr'>qui</span> <span class='ocrx_word' id='word_1_133' title='bbox 1526 2300 1600 2342; x_wconf 92' lang='lat' dir='ltr'>eum</span> 
     </span>
     <span class='ocr_line' id='line_1_17' title="bbox 448 2376 1600 2465; baseline 0.002 -23"><span class='ocrx_word' id='word_1_134' title='bbox 448 2380 565 2464; x_wconf 89' lang='lat' dir='ltr'>recipit</span> <span class='ocrx_word' id='word_1_135' title='bbox 591 2376 703 2441; x_wconf 89' lang='lat' dir='ltr'>arcula</span> <span class='ocrx_word' id='word_1_136' title='bbox 730 2378 892 2460; x_wconf 67' lang='lat' dir='ltr'>animam,</span> <span class='ocrx_word' id='word_1_137' title='bbox 928 2379 1081 2464; x_wconf 89' lang='lat' dir='ltr'>spiritum</span> <span class='ocrx_word' id='word_1_138' title='bbox 1114 2402 1180 2443; x_wconf 92' lang='lat' dir='ltr'>non</span> <span class='ocrx_word' id='word_1_139' title='bbox 1212 2379 1378 2465; x_wconf 88' lang='lat' dir='ltr'>patientur</span> <span class='ocrx_word' id='word_1_140' title='bbox 1406 2378 1600 2444; x_wconf 89' lang='lat' dir='ltr'>obturantes</span> 
     </span>
     <span class='ocr_line' id='line_1_18' title="bbox 450 2477 1631 2560; baseline 0.003 -18"><span class='ocrx_word' id='word_1_141' title='bbox 450 2480 611 2544; x_wconf 85' lang='lat' dir='ltr'>foramina</span> <span class='ocrx_word' id='word_1_142' title='bbox 632 2503 744 2544; x_wconf 90' lang='lat' dir='ltr'>rursus</span> <span class='ocrx_word' id='word_1_143' title='bbox 768 2480 885 2542; x_wconf 87' lang='lat' dir='ltr'>redire.</span> <span class='ocrx_word' id='word_1_144' title='bbox 930 2482 977 2542; x_wconf 92' lang='lat' dir='ltr'>ita</span> <span class='ocrx_word' id='word_1_145' title='bbox 1000 2502 1073 2543; x_wconf 90' lang='lat' dir='ltr'>eum</span> <span class='ocrx_word' id='word_1_146' title='bbox 1089 2490 1198 2543; x_wconf 88' lang='lat' dir='ltr'>vectes</span> <span class='ocrx_word' id='word_1_147' title='bbox 1220 2477 1434 2560; x_wconf 88' lang='lat' dir='ltr'>extolluntur,</span> <span class='ocrx_word' id='word_1_148' title='bbox 1458 2498 1631 2546; x_wconf 87' lang='lat' dir='ltr'>ancones5</span> 
     </span>
     <span class='ocr_line' id='line_1_19' title="bbox 450 2580 1601 2669; baseline 0.003 -25"><span class='ocrx_word' id='word_1_149' title='bbox 450 2581 615 2646; x_wconf 86' lang='lat' dir='ltr'>deducunt</span> <span class='ocrx_word' id='word_1_150' title='bbox 637 2580 756 2644; x_wconf 88' lang='lat' dir='ltr'>fundos</span> <span class='ocrx_word' id='word_1_151' title='bbox 778 2580 993 2644; x_wconf 90' lang='lat' dir='ltr'>modiolorum</span> <span class='ocrx_word' id='word_1_152' title='bbox 1015 2581 1058 2643; x_wconf 90' lang='lat' dir='ltr'>ad</span> <span class='ocrx_word' id='word_1_153' title='bbox 1080 2583 1182 2644; x_wconf 91' lang='lat' dir='ltr'>imum</span> <span class='ocrx_word' id='word_1_154' title='bbox 1205 2581 1418 2668; x_wconf 90' lang='lat' dir='ltr'>delphinique</span> <span class='ocrx_word' id='word_1_155' title='bbox 1442 2585 1501 2669; x_wconf 91' lang='lat' dir='ltr'>qui</span> <span class='ocrx_word' id='word_1_156' title='bbox 1525 2593 1601 2648; x_wconf 90' lang='lat' dir='ltr'>sunt</span> 
     </span>
     <span class='ocr_line' id='line_1_20' title="bbox 449 2681 1601 2771; baseline 0.001 -24"><span class='ocrx_word' id='word_1_157' title='bbox 449 2686 484 2747; x_wconf 92' lang='lat' dir='ltr'>in</span> <span class='ocrx_word' id='word_1_158' title='bbox 506 2682 674 2747; x_wconf 87' lang='lat' dir='ltr'>verticulis</span> <span class='ocrx_word' id='word_1_159' title='bbox 697 2681 834 2765; x_wconf 88' lang='lat' dir='ltr'>inclusi,</span> <span class='ocrx_word' id='word_1_160' title='bbox 864 2682 1008 2747; x_wconf 88' lang='lat' dir='ltr'>calantes</span> <span class='ocrx_word' id='word_1_161' title='bbox 1030 2685 1065 2746; x_wconf 94' lang='lat' dir='ltr'>in</span> <span class='ocrx_word' id='word_1_162' title='bbox 1088 2705 1142 2746; x_wconf 92' lang='lat' dir='ltr'>eos</span> <span class='ocrx_word' id='word_1_163' title='bbox 1167 2681 1333 2769; x_wconf 87' lang='lat' dir='ltr'>cymbala,</span> <span class='ocrx_word' id='word_1_164' title='bbox 1361 2705 1439 2746; x_wconf 89' lang='lat' dir='ltr'>aere</span> <span class='ocrx_word' id='word_1_165' title='bbox 1461 2684 1601 2771; x_wconf 88' lang='lat' dir='ltr'>implent</span> 
     </span>
    </p>

    <p class='ocr_par' dir='ltr' id='par_1_6' title="bbox 399 2783 1647 3278">
     <span class='ocr_line' id='line_1_21' title="bbox 399 2783 1647 2872; baseline 0 -21"><span class='ocrx_word' id='word_1_166' title='bbox 399 2804 432 2852; x_wconf 78' lang='lat' dir='ltr'>ro</span> <span class='ocrx_word' id='word_1_167' title='bbox 450 2786 557 2871; x_wconf 89' lang='lat' dir='ltr'>spatia</span> <span class='ocrx_word' id='word_1_168' title='bbox 585 2783 815 2867; x_wconf 88' lang='lat' dir='ltr'>modiolorum,</span> <span class='ocrx_word' id='word_1_169' title='bbox 843 2794 941 2872; x_wconf 90' lang='lat' dir='ltr'>atque</span> <span class='ocrx_word' id='word_1_170' title='bbox 970 2807 1111 2850; x_wconf 87' lang='lat' dir='ltr'>ancones</span> <span class='ocrx_word' id='word_1_171' title='bbox 1140 2784 1334 2851; x_wconf 83' lang='lat' dir='ltr'>extollentes</span> <span class='ocrx_word' id='word_1_172' title='bbox 1362 2783 1484 2850; x_wconf 87' lang='lat' dir='ltr'>fundos</span> <span class='ocrx_word' id='word_1_173' title='bbox 1514 2788 1601 2851; x_wconf 89' lang='lat' dir='ltr'>intra</span> <span class='ocrx_word' id='word_1_174' title='bbox 1642 2851 1647 2858; x_wconf 82' lang='grc'><strong>,</strong></span> 
     </span>
     <span class='ocr_line' id='line_1_22' title="bbox 451 2881 1601 2974; baseline 0.003 -26"><span class='ocrx_word' id='word_1_175' title='bbox 451 2885 609 2950; x_wconf 89' lang='lat' dir='ltr'>modiolos</span> <span class='ocrx_word' id='word_1_176' title='bbox 633 2886 818 2951; x_wconf 85' lang='lat' dir='ltr'>vehementi</span> <span class='ocrx_word' id='word_1_177' title='bbox 840 2886 953 2974; x_wconf 87' lang='lat' dir='ltr'>pulsus</span> <span class='ocrx_word' id='word_1_178' title='bbox 977 2887 1152 2951; x_wconf 90' lang='lat' dir='ltr'>crebritate</span> <span class='ocrx_word' id='word_1_179' title='bbox 1175 2896 1207 2950; x_wconf 92' lang='lat' dir='ltr'>et</span> <span class='ocrx_word' id='word_1_180' title='bbox 1222 2881 1412 2951; x_wconf 77' lang='lat' dir='ltr'>obturantes</span> <span class='ocrx_word' id='word_1_181' title='bbox 1437 2888 1601 2953; x_wconf 86' lang='lat' dir='ltr'>foramina</span> 
     </span>
     <span class='ocr_line' id='line_1_23' title="bbox 451 2986 1600 3075; baseline 0.003 -24"><span class='ocrx_word' id='word_1_182' title='bbox 451 2986 610 3074; x_wconf 88' lang='lat' dir='ltr'>cymbalis</span> <span class='ocrx_word' id='word_1_183' title='bbox 640 2990 823 3074; x_wconf 84' lang='lat' dir='ltr'>superiora,</span> <span class='ocrx_word' id='word_1_184' title='bbox 853 3011 929 3052; x_wconf 87' lang='lat' dir='ltr'>aera</span> <span class='ocrx_word' id='word_1_185' title='bbox 957 2990 1014 3075; x_wconf 94' lang='lat' dir='ltr'>qui</span> <span class='ocrx_word' id='word_1_186' title='bbox 1043 2999 1093 3052; x_wconf 89' lang='lat' dir='ltr'>est</span> <span class='ocrx_word' id='word_1_187' title='bbox 1120 2989 1168 3052; x_wconf 90' lang='lat' dir='ltr'>ibi</span> <span class='ocrx_word' id='word_1_188' title='bbox 1196 2987 1340 3052; x_wconf 90' lang='lat' dir='ltr'>inclusus</span> <span class='ocrx_word' id='word_1_189' title='bbox 1369 2990 1600 3075; x_wconf 88' lang='lat' dir='ltr'>pressionibus</span> 
     </span>
     <span class='ocr_line' id='line_1_24' title="bbox 448 3089 1599 3177; baseline 0.003 -25"><span class='ocrx_word' id='word_1_190' title='bbox 448 3098 599 3155; x_wconf 88' lang='lat' dir='ltr'>coactum</span> <span class='ocrx_word' id='word_1_191' title='bbox 621 3090 655 3152; x_wconf 93' lang='lat' dir='ltr'>in</span> <span class='ocrx_word' id='word_1_192' title='bbox 676 3089 804 3154; x_wconf 91' lang='lat' dir='ltr'>fistulas</span> <span class='ocrx_word' id='word_1_193' title='bbox 827 3100 959 3174; x_wconf 87' lang='lat' dir='ltr'>cogunt,</span> <span class='ocrx_word' id='word_1_194' title='bbox 989 3113 1048 3177; x_wconf 90' lang='lat' dir='ltr'>per</span> <span class='ocrx_word' id='word_1_195' title='bbox 1071 3113 1150 3176; x_wconf 90' lang='lat' dir='ltr'>quas</span> <span class='ocrx_word' id='word_1_196' title='bbox 1172 3092 1208 3154; x_wconf 91' lang='lat' dir='ltr'>in</span> <span class='ocrx_word' id='word_1_197' title='bbox 1229 3091 1350 3177; x_wconf 88' lang='lat' dir='ltr'>pnigea</span> <span class='ocrx_word' id='word_1_198' title='bbox 1373 3093 1544 3156; x_wconf 89' lang='lat' dir='ltr'>concurrit</span> <span class='ocrx_word' id='word_1_199' title='bbox 1567 3101 1599 3155; x_wconf 91' lang='lat' dir='ltr'>et</span> 
     </span>
     <span class='ocr_line' id='line_1_25' title="bbox 450 3191 1610 3278; baseline 0.002 -23"><span class='ocrx_word' id='word_1_200' title='bbox 450 3213 508 3278; x_wconf 90' lang='lat' dir='ltr'>per</span> <span class='ocrx_word' id='word_1_201' title='bbox 531 3191 599 3255; x_wconf 91' lang='lat' dir='ltr'>eius</span> <span class='ocrx_word' id='word_1_202' title='bbox 623 3193 765 3255; x_wconf 85' lang='lat' dir='ltr'>cervices</span> <span class='ocrx_word' id='word_1_203' title='bbox 787 3193 822 3255; x_wconf 92' lang='lat' dir='ltr'>in</span> <span class='ocrx_word' id='word_1_204' title='bbox 844 3213 963 3254; x_wconf 85' lang='lat' dir='ltr'>aream.</span> <span class='ocrx_word' id='word_1_205' title='bbox 1004 3193 1146 3256; x_wconf 88' lang='lat' dir='ltr'>motione</span> <span class='ocrx_word' id='word_1_206' title='bbox 1168 3213 1246 3255; x_wconf 89' lang='lat' dir='ltr'>vero</span> <span class='ocrx_word' id='word_1_207' title='bbox 1262 3191 1610 3263; x_wconf 82' lang='lat' dir='ltr'>vectium.vehemen··¹</span> 
     </span>
    </p>

    <p class='ocr_par' dir='ltr' id='par_1_7' title="bbox 400 3280 1628 3481">
     <span class='ocr_line' id='line_1_26' title="bbox 400 3280 1599 3381; baseline 0.002 -23"><span class='ocrx_word' id='word_1_208' title='bbox 400 3280 433 3358; x_wconf 68' lang='lat' dir='ltr'>aa</span> <span class='ocrx_word' id='word_1_209' title='bbox 450 3295 533 3357; x_wconf 90' lang='lat' dir='ltr'>tiore</span> <span class='ocrx_word' id='word_1_210' title='bbox 560 3294 694 3379; x_wconf 90' lang='lat' dir='ltr'>spiritus</span> <span class='ocrx_word' id='word_1_211' title='bbox 728 3293 881 3381; x_wconf 88' lang='lat' dir='ltr'>frequens</span> <span class='ocrx_word' id='word_1_212' title='bbox 915 3316 1117 3379; x_wconf 88' lang='lat' dir='ltr'>compressus</span> <span class='ocrx_word' id='word_1_213' title='bbox 1153 3295 1398 3379; x_wconf 91' lang='lat' dir='ltr'>epistomiorum</span> <span class='ocrx_word' id='word_1_214' title='bbox 1435 3297 1599 3381; x_wconf 89' lang='lat' dir='ltr'>aperturis</span> 
     </span>
     <span class='ocr_line' id='line_1_27' title="bbox 450 3393 1628 3481; baseline 0.003 -26"><span class='ocrx_word' id='word_1_215' title='bbox 450 3393 558 3456; x_wconf 86' lang='lat' dir='ltr'>influit</span> <span class='ocrx_word' id='word_1_216' title='bbox 581 3404 612 3456; x_wconf 92' lang='lat' dir='ltr'>et</span> <span class='ocrx_word' id='word_1_217' title='bbox 634 3393 738 3481; x_wconf 90' lang='lat' dir='ltr'>replet</span> <span class='ocrx_word' id='word_1_218' title='bbox 760 3397 868 3459; x_wconf 90' lang='lat' dir='ltr'>anima</span> <span class='ocrx_word' id='word_1_219' title='bbox 892 3394 1032 3459; x_wconf 90' lang='lat' dir='ltr'>canales.</span> <span class='ocrx_word' id='word_1_220' title='bbox 1073 3396 1184 3479; x_wconf 90' lang='lat' dir='ltr'>itaque</span> <span class='ocrx_word' id='word_1_221' title='bbox 1207 3417 1286 3458; x_wconf 49' lang='lat' dir='ltr'>cum*</span> <span class='ocrx_word' id='word_1_222' title='bbox 1302 3395 1423 3481; x_wconf 89' lang='lat' dir='ltr'>pinnae</span> <span class='ocrx_word' id='word_1_223' title='bbox 1445 3397 1628 3460; x_wconf 79' lang='lat' dir='ltr'>manibuso</span> 
     </span>
    </p>

    <p class='ocr_par' dir='ltr' id='par_1_8' title="bbox 421 3481 1598 3582">
     <span class='ocr_line' id='line_1_28' title="bbox 421 3481 1598 3582; baseline 0.005 -26"><span class='ocrx_word' id='word_1_224' title='bbox 421 3481 425 3489; x_wconf 43' lang='lat'><em>⁶</em></span> <span class='ocrx_word' id='word_1_225' title='bbox 450 3502 557 3557; x_wconf 87' lang='lat' dir='ltr'>tactae</span> <span class='ocrx_word' id='word_1_226' title='bbox 586 3494 772 3582; x_wconf 91' lang='lat' dir='ltr'>propellunt</span> <span class='ocrx_word' id='word_1_227' title='bbox 807 3506 838 3560; x_wconf 91' lang='lat' dir='ltr'>et</span> <span class='ocrx_word' id='word_1_228' title='bbox 870 3497 1031 3561; x_wconf 89' lang='lat' dir='ltr'>reducunt</span> <span class='ocrx_word' id='word_1_229' title='bbox 1060 3497 1264 3561; x_wconf 87' lang='lat' dir='ltr'>continenter</span> <span class='ocrx_word' id='word_1_230' title='bbox 1295 3494 1426 3580; x_wconf 81' lang='lat' dir='ltr'>regulas</span> <span class='ocrx_word' id='word_1_231' title='bbox 1449 3496 1598 3580; x_wconf 51' lang='lat' dir='ltr'>⁸alternis</span> 
     </span>
    </p>
   </div>
   <div class='ocr_carea' id='block_1_3' title="bbox 520 3800 1601 3873">
    <p class='ocr_par' dir='ltr' id='par_1_9' title="bbox 520 3800 1601 3873">
     <span class='ocr_line' id='line_1_29' title="bbox 520 3800 1601 3873; baseline 0.005 -21"><span class='ocrx_word' id='word_1_232' title='bbox 520 3805 535 3852; x_wconf 89' lang='lat'><strong>3</strong></span> <span class='ocrx_word' id='word_1_233' title='bbox 554 3804 638 3866; x_wconf 85' lang='lat' dir='ltr'>pinax</span> <span class='ocrx_word' id='word_1_234' title='bbox 657 3804 715 3856; x_wconf 85' lang='lat' dir='ltr'>GH.</span> <span class='ocrx_word' id='word_1_235' title='bbox 738 3800 749 3869; x_wconf 75' lang='lat' dir='ltr'>ll</span> <span class='ocrx_word' id='word_1_236' title='bbox 773 3807 790 3853; x_wconf 85' lang='lat'>4</span> <span class='ocrx_word' id='word_1_237' title='bbox 808 3809 836 3855; x_wconf 88' lang='lat' dir='ltr'>et</span> <span class='ocrx_word' id='word_1_238' title='bbox 854 3805 924 3854; x_wconf 75' lang='lat' dir='ltr'>doc:</span> <span class='ocrx_word' id='word_1_239' title='bbox 945 3820 979 3854; x_wconf 85' lang='lat' dir='ltr'>ex</span> <span class='ocrx_word' id='word_1_240' title='bbox 999 3805 1056 3855; x_wconf 78' lang='lat' dir='ltr'>GH.</span> <span class='ocrx_word' id='word_1_241' title='bbox 1074 3801 1117 3870; x_wconf 71' lang='grc'>[15</span> <span class='ocrx_word' id='word_1_242' title='bbox 1137 3801 1362 3870; x_wconf 75' lang='lat' dir='ltr'>facilinpellant²</span> <span class='ocrx_word' id='word_1_243' title='bbox 1376 3811 1438 3854; x_wconf 82' lang='lat' dir='ltr'>ante</span> <span class='ocrx_word' id='word_1_244' title='bbox 1455 3821 1528 3860; x_wconf 83' lang='lat' dir='ltr'>corr.</span> <span class='ocrx_word' id='word_1_245' title='bbox 1549 3807 1601 3873; x_wconf 82' lang='lat' dir='ltr'>(qui</span> 
     </span>
    </p>
   </div>
   <div class='ocr_carea' id='block_1_4' title="bbox 449 3889 1609 4814">
    <p class='ocr_par' dir='ltr' id='par_1_10' title="bbox 449 3889 1609 4814">
     <span class='ocr_line' id='line_1_30' title="bbox 451 3889 1600 3973; baseline 0.007 -21"><span class='ocrx_word' id='word_1_246' title='bbox 451 3907 512 3954; x_wconf 77' lang='lat' dir='ltr'>add.</span> <span class='ocrx_word' id='word_1_247' title='bbox 530 3889 572 3969; x_wconf 70' lang='lat' dir='ltr'>ni)</span> <span class='ocrx_word' id='word_1_248' title='bbox 593 3907 628 3970; x_wconf 71' lang='lat' dir='ltr'>G.⁴</span> <span class='ocrx_word' id='word_1_249' title='bbox 639 3901 651 3970; x_wconf 79' lang='grc' dir='ltr'>ΙΙ</span> <span class='ocrx_word' id='word_1_250' title='bbox 668 3908 683 3955; x_wconf 92' lang='grc'>8</span> <span class='ocrx_word' id='word_1_251' title='bbox 697 3906 786 3970; x_wconf 85' lang='lat' dir='ltr'>aperit</span> <span class='ocrx_word' id='word_1_252' title='bbox 798 3907 855 3959; x_wconf 83' lang='lat' dir='ltr'>Joc.</span> <span class='ocrx_word' id='word_1_253' title='bbox 870 3903 914 3968; x_wconf 85' lang='lat' dir='ltr'>(es.</span> <span class='ocrx_word' id='word_1_254' title='bbox 928 3923 950 3955; x_wconf 87' lang='lat' dir='ltr'>v.</span> <span class='ocrx_word' id='word_1_255' title='bbox 963 3909 976 3953; x_wconf 91' lang='grc'><strong>1</strong></span> <span class='ocrx_word' id='word_1_256' title='bbox 988 3923 1014 3969; x_wconf 85' lang='lat' dir='ltr'>p.</span> <span class='ocrx_word' id='word_1_257' title='bbox 1025 3905 1106 3971; x_wconf 81' lang='lat' dir='ltr'>seq.):</span> <span class='ocrx_word' id='word_1_258' title='bbox 1120 3908 1210 3972; x_wconf 89' lang='lat' dir='ltr'>operit</span> <span class='ocrx_word' id='word_1_259' title='bbox 1224 3905 1282 3955; x_wconf 81' lang='lat' dir='ltr'>GH.</span> <span class='ocrx_word' id='word_1_260' title='bbox 1295 3901 1307 3973; x_wconf 88' lang='grc' dir='ltr'>ΙΙ</span> <span class='ocrx_word' id='word_1_261' title='bbox 1318 3906 1390 3956; x_wconf 84' lang='lat' dir='ltr'>haee</span> <span class='ocrx_word' id='word_1_262' title='bbox 1404 3907 1434 3955; x_wconf 99' lang='lat' dir='ltr'><em>H</em></span> <span class='ocrx_word' id='word_1_263' title='bbox 1446 3905 1534 3973; x_wconf 79' lang='lat' dir='ltr'>(Llc):</span> <span class='ocrx_word' id='word_1_264' title='bbox 1548 3909 1600 3960; x_wconf 87' lang='lat' dir='ltr'>hae</span> 
     </span>
     <span class='ocr_line' id='line_1_31' title="bbox 449 3985 1600 4061; baseline 0.004 -23"><span class='ocrx_word' id='word_1_265' title='bbox 449 3989 482 4061; x_wconf 82' lang='lat' dir='ltr'>¹G.</span> <span class='ocrx_word' id='word_1_266' title='bbox 506 3985 517 4056; x_wconf 75' lang='lat' dir='ltr'>l]</span> <span class='ocrx_word' id='word_1_267' title='bbox 541 3992 573 4041; x_wconf 92' lang='lat'>10</span> <span class='ocrx_word' id='word_1_268' title='bbox 592 3991 766 4040; x_wconf 84' lang='lat' dir='ltr'>continenter</span> <span class='ocrx_word' id='word_1_269' title='bbox 783 4007 842 4054; x_wconf 74' lang='lat' dir='ltr'>epo:</span> <span class='ocrx_word' id='word_1_270' title='bbox 861 3995 939 4039; x_wconf 88' lang='lat' dir='ltr'>-tur</span> <span class='ocrx_word' id='word_1_271' title='bbox 958 3988 1043 4053; x_wconf 76' lang='lat' dir='ltr'>(-t2)</span> <span class='ocrx_word' id='word_1_272' title='bbox 1063 3992 1121 4044; x_wconf 82' lang='lat' dir='ltr'>GH.</span> <span class='ocrx_word' id='word_1_273' title='bbox 1147 3989 1159 4057; x_wconf 77' lang='grc' dir='ltr'>Η</span> <span class='ocrx_word' id='word_1_274' title='bbox 1180 3991 1294 4041; x_wconf 89' lang='lat' dir='ltr'>tabulae</span> <span class='ocrx_word' id='word_1_275' title='bbox 1312 4006 1370 4054; x_wconf 73' lang='lat' dir='ltr'>epo:</span> <span class='ocrx_word' id='word_1_276' title='bbox 1391 3989 1483 4040; x_wconf 86' lang='lat' dir='ltr'>—lam</span> <span class='ocrx_word' id='word_1_277' title='bbox 1505 3994 1564 4047; x_wconf 84' lang='lat' dir='ltr'>GH.</span> <span class='ocrx_word' id='word_1_278' title='bbox 1586 3990 1600 4058; x_wconf 74' lang='lat' dir='ltr'>ll</span> 
     </span>
     <span class='ocr_line' id='line_1_32' title="bbox 452 4070 1600 4142; baseline 0.006 -20"><span class='ocrx_word' id='word_1_279' title='bbox 452 4075 482 4122; x_wconf 95' lang='grc'>11</span> <span class='ocrx_word' id='word_1_280' title='bbox 504 4089 558 4137; x_wconf 88' lang='lat' dir='ltr'>qua</span> <span class='ocrx_word' id='word_1_281' title='bbox 578 4075 662 4128; x_wconf 67' lang='lat' dir='ltr'>Muri</span> <span class='ocrx_word' id='word_1_282' title='bbox 683 4089 752 4138; x_wconf 89' lang='lat' dir='ltr'>quae</span> <span class='ocrx_word' id='word_1_283' title='bbox 771 4073 880 4140; x_wconf 68' lang='lat' dir='ltr'>(quad)</span> <span class='ocrx_word' id='word_1_284' title='bbox 901 4075 959 4127; x_wconf 79' lang='lat' dir='ltr'>GH.</span> <span class='ocrx_word' id='word_1_285' title='bbox 976 4070 988 4138; x_wconf 90' lang='grc' dir='ltr'>ΙΙ</span> <span class='ocrx_word' id='word_1_286' title='bbox 1006 4076 1118 4139; x_wconf 87' lang='lat' dir='ltr'>spiritus</span> <span class='ocrx_word' id='word_1_287' title='bbox 1136 4081 1200 4125; x_wconf 90' lang='lat' dir='ltr'>suut</span> <span class='ocrx_word' id='word_1_288' title='bbox 1218 4075 1285 4139; x_wconf 72' lang='lat' dir='ltr'>(sps.</span> <span class='ocrx_word' id='word_1_289' title='bbox 1304 4078 1368 4124; x_wconf 89' lang='lat' dir='ltr'>sunt</span> <span class='ocrx_word' id='word_1_290' title='bbox 1386 4075 1432 4138; x_wconf 85' lang='lat' dir='ltr'>G):</span> <span class='ocrx_word' id='word_1_291' title='bbox 1451 4079 1491 4126; x_wconf 80' lang='lat' dir='ltr'>stc</span> <span class='ocrx_word' id='word_1_292' title='bbox 1512 4079 1572 4129; x_wconf 78' lang='lat' dir='ltr'>GH.</span> <span class='ocrx_word' id='word_1_293' title='bbox 1588 4076 1600 4142; x_wconf 75' lang='lat' dir='ltr'>ll</span> 
     </span>
     <span class='ocr_line' id='line_1_33' title="bbox 453 4155 1602 4228; baseline 0.005 -22"><span class='ocrx_word' id='word_1_294' title='bbox 453 4160 484 4207; x_wconf 80' lang='lat'>13</span> <span class='ocrx_word' id='word_1_295' title='bbox 503 4160 632 4223; x_wconf 71' lang='lat' dir='ltr'>coniunte</span> <span class='ocrx_word' id='word_1_296' title='bbox 653 4159 681 4211; x_wconf 82' lang='grc' dir='ltr'>θ,</span> <span class='ocrx_word' id='word_1_297' title='bbox 706 4155 718 4226; x_wconf 80' lang='grc' dir='ltr'>Η</span> <span class='ocrx_word' id='word_1_298' title='bbox 741 4160 857 4224; x_wconf 88' lang='lat' dir='ltr'>pnigeos</span> <span class='ocrx_word' id='word_1_299' title='bbox 876 4159 993 4221; x_wconf 73' lang='lat' dir='ltr'>(Turulz</span> <span class='ocrx_word' id='word_1_300' title='bbox 1013 4159 1113 4223; x_wconf 82' lang='lat' dir='ltr'>ligneis</span> <span class='ocrx_word' id='word_1_301' title='bbox 1134 4160 1192 4209; x_wconf 82' lang='lat' dir='ltr'>GH.</span> <span class='ocrx_word' id='word_1_302' title='bbox 1216 4156 1229 4225; x_wconf 78' lang='lat' dir='ltr'>l]</span> <span class='ocrx_word' id='word_1_303' title='bbox 1253 4162 1284 4209; x_wconf 74' lang='lat'>14</span> <span class='ocrx_word' id='word_1_304' title='bbox 1303 4160 1453 4210; x_wconf 86' lang='lat' dir='ltr'>eirvieibus</span> <span class='ocrx_word' id='word_1_305' title='bbox 1471 4161 1507 4211; x_wconf 89' lang='lat' dir='ltr'><em>H</em></span> <span class='ocrx_word' id='word_1_306' title='bbox 1517 4162 1573 4225; x_wconf 79' lang='lat' dir='ltr'>(L).</span> <span class='ocrx_word' id='word_1_307' title='bbox 1590 4161 1602 4228; x_wconf 75' lang='grc' dir='ltr'>ΙΙ</span> 
     </span>
     <span class='ocr_line' id='line_1_34' title="bbox 454 4241 1602 4310; baseline 0.008 -21"><span class='ocrx_word' id='word_1_308' title='bbox 454 4242 484 4289; x_wconf 88' lang='grc'>16</span> <span class='ocrx_word' id='word_1_309' title='bbox 502 4243 645 4305; x_wconf 89' lang='lat' dir='ltr'>patientur</span> <span class='ocrx_word' id='word_1_310' title='bbox 667 4246 721 4295; x_wconf 77' lang='lat' dir='ltr'>ed:</span> <span class='ocrx_word' id='word_1_311' title='bbox 745 4241 945 4308; x_wconf 80' lang='lat' dir='ltr'>pati&amp;(etG)ur</span> <span class='ocrx_word' id='word_1_312' title='bbox 965 4244 1024 4294; x_wconf 81' lang='lat' dir='ltr'>GH.</span> <span class='ocrx_word' id='word_1_313' title='bbox 1049 4241 1060 4309; x_wconf 75' lang='lat' dir='ltr'>{l</span> <span class='ocrx_word' id='word_1_314' title='bbox 1086 4245 1116 4292; x_wconf 88' lang='lat'>18</span> <span class='ocrx_word' id='word_1_315' title='bbox 1134 4243 1274 4294; x_wconf 86' lang='lat' dir='ltr'>deducunt</span> <span class='ocrx_word' id='word_1_316' title='bbox 1290 4245 1362 4294; x_wconf 63' lang='lat' dir='ltr'>Joca</span> <span class='ocrx_word' id='word_1_317' title='bbox 1386 4243 1505 4294; x_wconf 71' lang='lat' dir='ltr'>-eunt‘l</span> <span class='ocrx_word' id='word_1_318' title='bbox 1529 4246 1602 4310; x_wconf 73' lang='grc'>(-12</span> 
     </span>
     <span class='ocr_line' id='line_1_35' title="bbox 453 4323 1605 4398; baseline 0.005 -22"><span class='ocrx_word' id='word_1_319' title='bbox 453 4325 484 4390; x_wconf 82' lang='lat' dir='ltr'>G)</span> <span class='ocrx_word' id='word_1_320' title='bbox 506 4327 563 4376; x_wconf 81' lang='lat' dir='ltr'>GH.</span> <span class='ocrx_word' id='word_1_321' title='bbox 588 4323 599 4391; x_wconf 88' lang='grc' dir='ltr'>ΙΙ</span> <span class='ocrx_word' id='word_1_322' title='bbox 621 4329 652 4377; x_wconf 86' lang='grc'><strong>19</strong></span> <span class='ocrx_word' id='word_1_323' title='bbox 672 4328 798 4377; x_wconf 88' lang='lat' dir='ltr'>calantes</span> <span class='ocrx_word' id='word_1_324' title='bbox 815 4328 847 4376; x_wconf 97' lang='lat' dir='ltr'><em>H</em></span> <span class='ocrx_word' id='word_1_325' title='bbox 863 4325 945 4393; x_wconf 81' lang='lat' dir='ltr'>(Ll0):</span> <span class='ocrx_word' id='word_1_326' title='bbox 969 4328 1112 4379; x_wconf 86' lang='lat' dir='ltr'>calcantes</span> <span class='ocrx_word' id='word_1_327' title='bbox 1133 4329 1154 4378; x_wconf 84' lang='lat' dir='ltr'><em>G</em></span> <span class='ocrx_word' id='word_1_328' title='bbox 1177 4327 1202 4394; x_wconf 84' lang='lat' dir='ltr'>(c</span> <span class='ocrx_word' id='word_1_329' title='bbox 1219 4337 1244 4378; x_wconf 88' lang='lat' dir='ltr'>et</span> <span class='ocrx_word' id='word_1_330' title='bbox 1262 4336 1321 4378; x_wconf 82' lang='lat' dir='ltr'>aute</span> <span class='ocrx_word' id='word_1_331' title='bbox 1344 4345 1413 4379; x_wconf 79' lang='lat' dir='ltr'>corr.</span> <span class='ocrx_word' id='word_1_332' title='bbox 1433 4328 1465 4392; x_wconf 88' lang='lat' dir='ltr'>l).</span> <span class='ocrx_word' id='word_1_333' title='bbox 1491 4328 1504 4398; x_wconf 83' lang='grc' dir='ltr'>ΙΙ</span> <span class='ocrx_word' id='word_1_334' title='bbox 1529 4348 1605 4395; x_wconf 85' lang='lat' dir='ltr'>cym-</span> 
     </span>
     <span class='ocr_line' id='line_1_36' title="bbox 452 4409 1607 4480; baseline 0.005 -19"><span class='ocrx_word' id='word_1_335' title='bbox 452 4411 526 4472; x_wconf 87' lang='lat' dir='ltr'>bala,</span> <span class='ocrx_word' id='word_1_336' title='bbox 546 4427 609 4460; x_wconf 84' lang='lat' dir='ltr'>aere</span> <span class='ocrx_word' id='word_1_337' title='bbox 628 4412 744 4476; x_wconf 87' lang='lat' dir='ltr'>implent</span> <span class='ocrx_word' id='word_1_338' title='bbox 762 4413 846 4462; x_wconf 83' lang='lat' dir='ltr'>Rode:</span> <span class='ocrx_word' id='word_1_339' title='bbox 876 4412 1042 4476; x_wconf 84' lang='lat' dir='ltr'>eymbaliare</span> <span class='ocrx_word' id='word_1_340' title='bbox 1061 4412 1176 4478; x_wconf 88' lang='lat' dir='ltr'>implent</span> <span class='ocrx_word' id='word_1_341' title='bbox 1200 4415 1259 4465; x_wconf 82' lang='lat' dir='ltr'>GH.</span> <span class='ocrx_word' id='word_1_342' title='bbox 1283 4409 1296 4480; x_wconf 80' lang='grc'><strong>11</strong></span> <span class='ocrx_word' id='word_1_343' title='bbox 1319 4415 1350 4463; x_wconf 76' lang='lat'>21</span> <span class='ocrx_word' id='word_1_344' title='bbox 1370 4413 1524 4466; x_wconf 84' lang='lat' dir='ltr'>modiolos:</span> <span class='ocrx_word' id='word_1_345' title='bbox 1549 4433 1607 4480; x_wconf 84' lang='lat' dir='ltr'>mo-</span> 
     </span>
     <span class='ocr_line' id='line_1_37' title="bbox 454 4494 1607 4569; baseline 0.008 -25"><span class='ocrx_word' id='word_1_346' title='bbox 454 4495 542 4545; x_wconf 88' lang='lat' dir='ltr'>diolus</span> <span class='ocrx_word' id='word_1_347' title='bbox 561 4503 619 4544; x_wconf 84' lang='lat' dir='ltr'>ante</span> <span class='ocrx_word' id='word_1_348' title='bbox 637 4512 705 4546; x_wconf 83' lang='lat' dir='ltr'>corr.</span> <span class='ocrx_word' id='word_1_349' title='bbox 724 4498 756 4546; x_wconf 91' lang='lat' dir='ltr'><em>H</em></span> <span class='ocrx_word' id='word_1_350' title='bbox 771 4494 851 4558; x_wconf 84' lang='lat' dir='ltr'>(-lis</span> <span class='ocrx_word' id='word_1_351' title='bbox 869 4495 918 4559; x_wconf 84' lang='lat' dir='ltr'>ch).</span> <span class='ocrx_word' id='word_1_352' title='bbox 943 4494 955 4563; x_wconf 78' lang='lat' dir='ltr'>[l</span> <span class='ocrx_word' id='word_1_353' title='bbox 979 4498 1072 4561; x_wconf 90' lang='lat' dir='ltr'>pulsos</span> <span class='ocrx_word' id='word_1_354' title='bbox 1091 4506 1149 4547; x_wconf 80' lang='lat' dir='ltr'>ante</span> <span class='ocrx_word' id='word_1_355' title='bbox 1167 4515 1236 4549; x_wconf 84' lang='lat' dir='ltr'>corr.</span> <span class='ocrx_word' id='word_1_356' title='bbox 1259 4500 1297 4548; x_wconf 88' lang='lat' dir='ltr'>H.</span> <span class='ocrx_word' id='word_1_357' title='bbox 1321 4494 1334 4565; x_wconf 79' lang='grc' dir='ltr'>ΙΙ</span> <span class='ocrx_word' id='word_1_358' title='bbox 1359 4500 1392 4547; x_wconf 76' lang='lat'>22</span> <span class='ocrx_word' id='word_1_359' title='bbox 1416 4499 1457 4548; x_wconf 88' lang='lat' dir='ltr'>ibi</span> <span class='ocrx_word' id='word_1_360' title='bbox 1477 4501 1607 4569; x_wconf 73' lang='lat' dir='ltr'>inclusus</span> 
     </span>
     <span class='ocr_line' id='line_1_38' title="bbox 452 4577 1608 4648; baseline 0.01 -22"><span class='ocrx_word' id='word_1_361' title='bbox 452 4593 511 4641; x_wconf 77' lang='lat' dir='ltr'>epo:</span> <span class='ocrx_word' id='word_1_362' title='bbox 531 4578 569 4627; x_wconf 90' lang='lat' dir='ltr'>ibi</span> <span class='ocrx_word' id='word_1_363' title='bbox 589 4579 680 4630; x_wconf 88' lang='lat' dir='ltr'>clusus</span> <span class='ocrx_word' id='word_1_364' title='bbox 701 4582 759 4634; x_wconf 84' lang='lat' dir='ltr'>GH.</span> <span class='ocrx_word' id='word_1_365' title='bbox 779 4577 791 4646; x_wconf 76' lang='lat' dir='ltr'>ll</span> <span class='ocrx_word' id='word_1_366' title='bbox 812 4584 845 4631; x_wconf 83' lang='lat'>23</span> <span class='ocrx_word' id='word_1_367' title='bbox 863 4582 891 4629; x_wconf 89' lang='lat' dir='ltr'>in</span> <span class='ocrx_word' id='word_1_368' title='bbox 910 4582 1013 4645; x_wconf 82' lang='lat' dir='ltr'>pnigea</span> <span class='ocrx_word' id='word_1_369' title='bbox 1029 4581 1119 4633; x_wconf 75' lang='lat' dir='ltr'>Tura:</span> <span class='ocrx_word' id='word_1_370' title='bbox 1137 4583 1263 4647; x_wconf 84' lang='lat' dir='ltr'>inlignea</span> <span class='ocrx_word' id='word_1_371' title='bbox 1282 4583 1342 4633; x_wconf 79' lang='lat' dir='ltr'>GH.</span> <span class='ocrx_word' id='word_1_372' title='bbox 1363 4578 1375 4648; x_wconf 91' lang='grc' dir='ltr'>ΙΙ</span> <span class='ocrx_word' id='word_1_373' title='bbox 1399 4584 1433 4633; x_wconf 78' lang='lat'>24</span> <span class='ocrx_word' id='word_1_374' title='bbox 1452 4585 1608 4638; x_wconf 88' lang='lat' dir='ltr'>vehemen-</span> 
     </span>
     <span class='ocr_line' id='line_1_39' title="bbox 452 4651 1609 4737; baseline 0.01 -28"><span class='ocrx_word' id='word_1_375' title='bbox 452 4663 523 4711; x_wconf 89' lang='lat' dir='ltr'>tiore</span> <span class='ocrx_word' id='word_1_376' title='bbox 542 4664 612 4716; x_wconf 83' lang='lat' dir='ltr'>Joe.:</span> <span class='ocrx_word' id='word_1_377' title='bbox 636 4681 713 4716; x_wconf 87' lang='lat' dir='ltr'>-res</span> <span class='ocrx_word' id='word_1_378' title='bbox 734 4666 791 4716; x_wconf 82' lang='lat' dir='ltr'>GH.</span> <span class='ocrx_word' id='word_1_379' title='bbox 816 4661 827 4731; x_wconf 79' lang='grc' dir='ltr'>ΙΙ</span> <span class='ocrx_word' id='word_1_380' title='bbox 850 4667 882 4714; x_wconf 78' lang='lat'>25</span> <span class='ocrx_word' id='word_1_381' title='bbox 907 4667 1112 4730; x_wconf 85' lang='lat' dir='ltr'>epistomiorum</span> <span class='ocrx_word' id='word_1_382' title='bbox 1136 4669 1206 4718; x_wconf 72' lang='lat' dir='ltr'>doc:</span> <span class='ocrx_word' id='word_1_383' title='bbox 1230 4651 1414 4733; x_wconf 87' lang='lat' dir='ltr'>epitoniorum</span> <span class='ocrx_word' id='word_1_384' title='bbox 1439 4668 1501 4723; x_wconf 80' lang='lat' dir='ltr'>GH.</span> <span class='ocrx_word' id='word_1_385' title='bbox 1531 4667 1544 4737; x_wconf 78' lang='grc' dir='ltr'>Η</span> <span class='ocrx_word' id='word_1_386' title='bbox 1574 4673 1609 4722; x_wconf 80' lang='grc'>26</span> 
     </span>
     <span class='ocr_line' id='line_1_40' title="bbox 455 4746 1007 4814; baseline 0.014 -21"><span class='ocrx_word' id='word_1_387' title='bbox 455 4746 548 4795; x_wconf 85' lang='lat' dir='ltr'>anima</span> <span class='ocrx_word' id='word_1_388' title='bbox 566 4748 637 4799; x_wconf 79' lang='lat' dir='ltr'>Joc:</span> <span class='ocrx_word' id='word_1_389' title='bbox 659 4750 767 4798; x_wconf 88' lang='lat' dir='ltr'>animae</span> <span class='ocrx_word' id='word_1_390' title='bbox 788 4747 875 4814; x_wconf 73' lang='lat' dir='ltr'>(-mq</span> <span class='ocrx_word' id='word_1_391' title='bbox 896 4750 927 4814; x_wconf 83' lang='lat' dir='ltr'>G)</span> <span class='ocrx_word' id='word_1_392' title='bbox 948 4751 1007 4802; x_wconf 79' lang='lat' dir='ltr'>GH.</span> 
     </span>
    </p>
   </div>
   <div class='ocr_carea' id='block_1_5' title="bbox 0 0 1896 5625">
    <p class='ocr_par' dir='ltr' id='par_1_11' title="bbox 0 0 1896 5625">
     <span class='ocr_line' id='line_1_41' title="bbox 0 0 1896 5625; baseline 0 0"><span class='ocrx_word' id='word_1_393' title='bbox 0 0 1896 5625; x_wconf 95' lang='lat' dir='ltr'> </span> 
     </span>
    </p>
   </div>
  </div>
 </body>
</html>
