3784 5625
681 682 728 727 nn
750 681 1016 729 normanorum
1040 683 1108 728 nin.
1132 684 1191 731 vn.
1447 670 1506 734 111

333 847 345 892 1
451 831 624 916 Ingrediar
645 855 732 896 nunc
747 836 839 897 minii
861 836 1003 898 rationes
1020 835 1194 921 explicare.
1238 836 1273 899 id
1294 844 1403 900 autem
1417 839 1507 921 agris
1526 850 1594 900 1111

365 934 584 1019 Ephesiorum
618 934 778 999 Cilbianis
816 938 958 1022 primum
990 958 1061 1001 esse
1097 946 1293 1002 memoratur
1328 940 1508 1022 inventum,

365 1037 458 1099 cuius
482 1044 514 1099 et
536 1058 588 1099 res
604 1045 637 1099 et
658 1037 742 1100 ratio
765 1039 845 1102 satis
869 1059 1003 1123 magnas
1025 1037 1124 1103 habet
1145 1039 1387 1105 admirationes.
1424 1040 1508 1104 fodi-

366 1147 420 1201 tur
448 1138 536 1200 enim
562 1137 679 1222 glaeba
706 1161 789 1225 quae
817 1137 953 1223 dicitur,
986 1148 1159 1227 antequam
1187 1142 1437 1208 tractationibus
1466 1142 1508 1205 ad

365 1241 504 1304 minium
532 1241 725 1327 perveniant
732 1290 741 1323 ,
776 1262 860 1304 vena
888 1243 937 1306 uti
966 1241 1061 1326 ferri,
1095 1244 1200 1327 magis
1228 1243 1362 1308 subrufo
1390 1244 1543 1326 colore,5

364 1341 490 1406 habens
514 1343 600 1405 circa
623 1363 657 1405 se
679 1343 815 1406 rubrum
836 1335 1016 1430 pulverem.
1061 1365 1133 1409 cum
1156 1343 1191 1407 id
1213 1343 1353 1429 foditur,
1378 1328 1424 1409 ex*
1440 1346 1507 1432 pla-

365 1445 417 1528 gis
440 1443 710 1507 ferramentorum
726 1443 856 1508 crebras
873 1445 993 1509 emittit
1014 1445 1164 1510 lacrimas
1178 1448 1307 1536 argenti
1321 1448 1402 1525 vivi,
1427 1470 1509 1534 quae

330 1556 385 1607 aa
412 1544 595 1610 fossoribus
618 1546 729 1610 statim
758 1544 965 1631 colliguntur.
1015 1546 1076 1610 hae
1103 1547 1239 1632 glaebae
1261 1570 1334 1611 cum
1356 1547 1509 1614 collectae

364 1656 457 1728 sunt,
478 1648 513 1711 in
535 1646 666 1711 officina
688 1657 822 1734 propter
835 1651 958 1713 umoris
980 1648 1170 1735 plenitatem
1186 1650 1367 1726 coiciuntur
1389 1652 1424 1713 in
1445 1650 1508 1714 ior-

363 1770 479 1812 nacem
506 1758 555 1813 ut»
570 1750 820 1832 intererescant,
851 1759 883 1814 et
910 1752 939 1815 is
968 1752 1024 1836 qui
1052 1772 1094 1815 ex
1121 1750 1172 1815 his
1202 1750 1244 1815 ab
1273 1751 1360 1836 ignis
1388 1773 1509 1838 vapore
1528 1763 1560 1811 10

363 1850 473 1914 fumus
497 1852 674 1929 suscitatur
697 1873 770 1916 cum
792 1851 914 1916 resedit
936 1854 972 1935 in
994 1852 1098 1917 solum
1121 1852 1225 1935 furni,
1247 1852 1416 1918 invenitur
1438 1876 1509 1919 esse
1535 1901 1540 1906 .

363 1960 536 2036 argentum
559 1955 683 2017 vivum.
728 1954 891 2039 exemptis
918 1953 1045 2039 glaebis
1068 1962 1181 2038 guttae
1204 1975 1260 2034 eae
1283 1976 1365 2041 quae
1387 1955 1508 2019 reside-

363 2054 446 2118 bunt
461 2064 594 2139 propter
615 2054 795 2118 brevitates
811 2077 876 2119 non
898 2064 1036 2140 possunt
1051 2054 1178 2139 colligi,
1202 2056 1260 2118 sed
1283 2058 1317 2120 in
1331 2079 1390 2121 vas
1406 2079 1508 2143 aquae

363 2165 603 2220 convenuntur
625 2165 657 2221 et
679 2155 726 2220 ibi
749 2159 835 2221 inter
854 2178 888 2221 se
910 2166 1093 2241 congruunt
1116 2166 1148 2221 et
1169 2179 1234 2220 una
1256 2157 1508 2222 confunduntur,

363 2260 411 2321 ita
431 2266 541 2321 autem
564 2279 638 2320 cum
661 2258 726 2321 sint
742 2267 893 2344 quattuor
916 2259 1131 2321 sextariorum
1153 2279 1333 2339 mensurae,
1357 2281 1430 2321 cum
1453 2273 1559 2322 err-15

329 2360 551 2446 ependuntur
577 2360 786 2423 invenientur
813 2346 883 2423 esse
911 2358 1019 2445 pondo
1047 2369 1187 2422 centum.
1237 2361 1311 2422 crum
1337 2361 1373 2422 in
1399 2358 1508 2446 aliquo

364 2482 443 2525 vase
466 2453 522 2525 est³
545 2459 732 2543 confusum,
761 2462 789 2525 si
812 2481 910 2545 supra
937 2458 973 2523 id
1000 2457 1109 2546 lapide
1132 2462 1353 2523 centenarium
1380 2461 1508 2546 pondus

363 2552 555 2649 inponatur,
578 2570 668 2626 natat
690 2562 725 2625 in
740 2583 864 2625 summo
886 2583 992 2647 neque
1007 2583 1080 2625 eum
1102 2559 1261 2647 liquorem
1282 2569 1390 2647 potest
1412 2584 1508 2626 onere

356 2677 423 2729 'suo
451 2684 599 2749 premere
626 2684 688 2726 nec
715 2662 836 2727 elidere
862 2685 923 2727 nec
951 2661 1122 2749 dissipare.
1166 2664 1351 2727 centenario
1380 2663 1507 2728 sublato

364 2767 394 2830 si
416 2765 466 2830 ibi
492 2767 565 2830 auri
586 2764 763 2852 scripulum
792 2766 982 2853 inponatur,
1010 2788 1076 2830 non
1098 2763 1224 2830 natabit
1251 2763 1309 2829 sed
1337 2764 1380 2828 ad
1407 2767 1507 2830 imum
1525 2776 1559 2826 20

363 2888 481 2955 perse
503 2867 712 2955 deprimetur.
755 2868 803 2931 ita
823 2889 890 2931 non
904 2867 1118 2955 amplitudine
1140 2865 1294 2954 ponderis
1310 2868 1368 2931 sed
1389 2891 1508 2953 genere

328 2967 569 3054 asingularum
595 2990 704 3032 rerum
731 2971 928 3053 gravitatem
956 2991 1026 3032 esse
1052 2990 1119 3032 non
1147 2978 1196 3033 est
1227 2968 1423 3054 negandum.
1441 3016 1453 3028 .
1472 2969 1507 3034 id

363 3081 474 3135 autem
501 3068 612 3134 multis
639 3068 737 3133 rebus
766 3079 815 3133 est
843 3070 885 3133 ad
913 3093 1009 3134 usum
1037 3069 1238 3157 expeditum.
1290 3085 1395 3156 neque
1421 3072 1507 3134 enim

356 3181 536 3259 ,argentum
557 3192 662 3256 neque
683 3193 738 3236 aes
761 3172 831 3236 sine
854 3193 892 3236 eo
919 3180 1027 3257 potest
1057 3181 1145 3236 recte
1172 3171 1324 3235 inaurari.
1370 3193 1507 3258 cumque

432 3383 448 3430 2
466 3379 604 3430 Cilbianis
621 3378 688 3431 Phil.
707 3374 754 3441 (erc
771 3375 863 3444 Plin.]:
883 3376 1050 3439 eluiilannis
1069 3378 1100 3440 Ε,
1121 3377 1241 3429 divianis
1253 3383 1312 3427 ante
1323 3393 1395 3428 corr.
1408 3378 1437 3436 θ,
1456 3378 1507 3428 cli·

361 3464 455 3515 viauia
472 3465 504 3513 H
520 3461 636 3528 (cente).
660 3459 674 3529 ss
696 3464 810 3527 primum
830 3478 890 3512 esse
909 3479 958 3513 ma
976 3466 1014 3513 εἰσ
1031 3463 1117 3517 EGH.
1140 3459 1152 3530 ΙΙ
1173 3466 1191 3512 4
1208 3463 1306 3527 glebas
1323 3468 1383 3512 ante
1401 3461 1506 3524 carad

361 3549 425 3612 (uon
443 3548 490 3613 Ε).
513 3543 526 3615 ΙΙ
549 3561 618 3612 quae
636 3547 735 3598 dicitur
758 3546 866 3609 (dilitur
883 3555 943 3598 ante
965 3565 1034 3598 corr.
1059 3548 1092 3607 Ε,
1116 3556 1144 3597 ut
1160 3548 1307 3612 saepissime
1325 3549 1373 3597 -ci-
1391 3564 1439 3611 pro
1459 3550 1506 3596 -ti-

361 3641 422 3683 oute
434 3632 501 3696 voc.)
513 3636 661 3696 antequem
673 3629 823 3696 (antelqui
834 3631 879 3694 G):
897 3633 935 3682 εἰσ
946 3632 1025 3683 EGH
1038 3630 1083 3694 (cs.
1093 3649 1121 3696 p,
1134 3633 1190 3687 179,
1209 3634 1261 3690 11).
1277 3628 1289 3696 l]
1306 3633 1321 3681 5
1334 3631 1504 3683 terascea:

361 3718 438 3768 ferro
451 3717 538 3767 EGH.
553 3712 566 3782 l]
582 3719 598 3767 9
616 3719 681 3766 sunt
691 3754 697 3768 .
707 3717 736 3765 iu
755 3715 868 3765 officina
881 3716 941 3766 EG:
961 3720 1025 3765 sunt
1035 3717 1064 3765 in
1074 3715 1214 3766 officinam
1224 3715 1255 3763 H
1262 3714 1340 3777 (Llc).
1356 3712 1368 3780 ll
1385 3716 1504 3765 coiciun-

360 3807 407 3851 tur
423 3801 513 3855 aad.
537 3797 550 3867 ΙΙ
572 3803 602 3850 10
619 3800 823 3850 intererescant
843 3797 937 3864 [fuerit
955 3800 1074 3861 (Fuerit
1093 3796 1151 3863 EG)
1171 3796 1380 3861 cae(eEG)ram
1398 3800 1505 3862 pumici

360 3883 437 3951 (eam
454 3885 515 3952 Εθ)
602 3884 687 3938 ΕΕΗ.
714 3887 755 3936 illo
773 3885 849 3936 verbo
863 3884 1000 3948 finiebatur
1019 3885 1107 3945 solima
1125 3885 1154 3932 id
1172 3884 1241 3946 quod
1256 3884 1282 3930 in
1299 3885 1405 3931 secandi
1420 3885 1504 3931 sedem

360 3972 491 4022 demea
508 3975 566 4019 erar
583 3970 609 4020 in
626 3971 682 4021 cod.
701 3969 848 4035 archetypo.
866 3971 916 4022 uid.
940 3970 1017 4031 adp.
1043 3970 1103 4023 175,
1122 3969 1166 4016 22.
1188 3961 1200 4031 ΙΙ
1224 3966 1256 4013 12
1275 3980 1379 4029 eaeque
1400 3965 1432 4022 G,
1452 3965 1503 4030 hee

361 4068 435 4118 quae
454 4053 489 4118 Ε,
508 4066 586 4118 eaeq3
603 4053 636 4102 H
650 4050 723 4118 (heq3
742 4055 773 4114 L,
794 4069 882 4117 aeque
899 4055 923 4101 1σ
939 4058 966 4102 et
977 4057 1036 4101 ante
1053 4066 1121 4100 corr.
1134 4050 1158 4108 Ιι,
1177 4063 1230 4112 que
1248 4064 1315 4099 erae.
1329 4063 1363 4096 ae
1374 4047 1423 4110 tc).
1435 4044 1446 4112 ΙΙ
1462 4063 1503 4095 re·
1602 4096 1605 4106 ,

360 4136 493 4193 sidebant
511 4137 544 4198 E,
562 4137 730 4188 resedebant
748 4137 801 4188 GH
817 4135 860 4199 (L,
873 4135 1002 4186 resedunt
1013 4134 1057 4198 lc).
1074 4130 1087 4199 [Ι
1105 4136 1135 4183 13
1152 4132 1318 4200 brevitates:
1336 4135 1374 4179 εἰσ
1386 4131 1472 4180 EGH.
1489 4128 1499 4195 ll

360 4222 391 4271 in
408 4235 460 4272 vae
477 4235 568 4286 aquae
579 4222 652 4273 doc:
669 4223 768 4272 invasa
787 4236 838 4286 que
859 4218 959 4284 affl),
977 4219 1105 4280 invasaq:
1126 4218 1156 4275 Ε,
1175 4216 1273 4266 invasa
1285 4228 1357 4276 quae
1371 4215 1398 4262 H
1412 4212 1472 4278 (ct).
1488 4211 1500 4279 ΙΙ

361 4307 395 4356 14
404 4310 606 4357 converruntur
616 4307 672 4356 ΕΗ
681 4305 777 4369 (lec):
797 4306 993 4354 convertuntur
1012 4303 1033 4351 G
1044 4301 1113 4365 (unte
1125 4317 1193 4352 corr.
1207 4298 1235 4362 1).
1253 4293 1265 4363 ΙΙ
1282 4299 1314 4346 15
1326 4299 1367 4346 ita
1379 4312 1425 4361 epo
1439 4295 1501 4359 (eae

360 4376 457 4455 Paua:
469 4389 497 4439 id
509 4391 595 4442 EGH.
607 4386 620 4456 11
636 4390 704 4443 nint:
717 4392 755 4440 εἰσ
767 4389 851 4441 ΕΘΗ.
864 4383 876 4453 Η
893 4389 924 4436 16
937 4386 1124 4436 invenientur:
1136 4387 1174 4433 εἰσ
1183 4382 1269 4434 EGH.
1284 4377 1297 4447 Η
1315 4383 1346 4431 17
1360 4381 1502 4430 confusum

360 4476 417 4529 ed:
436 4488 518 4524 -sus
536 4475 622 4525 EGH.
645 4471 657 4541 ΙΙ
683 4474 776 4540 lapide
795 4489 853 4537 eqo:
880 4471 972 4535 lapide
986 4467 991 4533 Ι
1008 4470 1061 4520 GH
1076 4467 1177 4533 (lapide
1199 4464 1270 4530 Ide),
1293 4465 1414 4529 lapidem
1432 4466 1466 4519 Ε,
1487 4462 1499 4529 Η

361 4560 552 4612 centenarium
563 4559 625 4618 ΗΕ,
639 4560 712 4608 -rn'r
728 4559 748 4609 G
761 4556 873 4621 (lapidis
886 4554 1039 4604 centenarii
1051 4551 1130 4617 doe).
1147 4548 1159 4617 ΙΙ
1175 4554 1207 4601 20
1220 4549 1340 4614 scripulu
1354 4552 1502 4614 iuponatur

361 4645 394 4708 G,
412 4643 545 4709 scrupulis
556 4642 628 4708 (ante
639 4659 709 4695 corr.
720 4642 754 4705 E,
773 4639 919 4706 scriptulae
931 4637 979 4702 Ec)
993 4638 1150 4702 imponatur
1163 4637 1198 4685 E:
1217 4634 1365 4700 scripulum
1379 4630 1452 4696 (—li1
1466 4631 1500 4696 L)

359 4733 482 4798 ponetur
493 4727 524 4777 H
535 4725 613 4793 (Εἱσ).
632 4724 644 4794 ΙΙ
659 4729 692 4778 22
710 4743 764 4778 uon
777 4733 820 4776 est
831 4723 988 4792 negandum
1000 4723 1032 4772 H
1041 4720 1124 4790 (Ltc):
1143 4735 1196 4772 uon
1215 4718 1371 4785 negandum
1389 4722 1431 4768 est
1443 4717 1500 4770 Ee.

396 4827 514 4870 vruuuv.
532 4828 568 4866 uu
586 4826 699 4866 aarum.
1261 4802 1300 4868 12
