3784 5625
991 527 1001 553 ἱ

682 689 730 735 un
753 686 1021 735 assumserunt
1044 690 1114 735 nm.
1137 691 1188 736 111.
1277 677 1285 694 '
1465 676 1506 740 65

330 854 342 901 1
448 840 590 905 Aedium
619 841 808 926 compositio
836 849 962 905 constat
991 863 1030 905 ex
1059 842 1263 929 symmetria,
1293 844 1384 906 cuius
1407 843 1536 908 ratio-1

362 941 717 1026 nem.diligentissime
747 941 916 1006 architecti
947 952 1057 1007 tenere
1086 942 1216 1006 debent.
1261 964 1298 1006 ea
1319 952 1428 1007 autem
1450 966 1505 1030 pa-

362 1045 446 1107 ritur
467 1066 486 1106 a
508 1044 728 1130 proportione,
752 1065 834 1129 quae
848 1056 964 1129 graece
986 1048 1150 1127 αναλογια
1172 1043 1302 1107 dicitur.
1340 1046 1505 1130 proportio

364 1154 413 1209 est
441 1154 531 1208 ratae
559 1146 660 1231 partis
689 1145 908 1209 membrorum
935 1146 971 1209 in
999 1147 1087 1210 omni
1115 1166 1211 1231 opere
1232 1146 1398 1230 totiusque
1421 1167 1505 1209 com-

363 1244 557 1329 modulatio,
593 1268 635 1310 ex
666 1268 729 1332 qua
756 1247 839 1311 ratio
868 1246 1009 1311 efficitur
1041 1247 1313 1333 symmetriarum.
1368 1265 1540 1333 namque5

362 1370 428 1412 non
451 1356 564 1434 potest
591 1347 681 1411 aedis
709 1345 777 1410 ulla
804 1349 874 1412 sine
897 1349 1204 1436 symmetriaatque
1226 1349 1434 1434 proportione
1455 1372 1506 1412 ra·

362 1450 494 1527 tionem¹
510 1448 630 1514 habere
653 1450 913 1536 compositionis,
935 1450 1002 1513 nisi
1023 1451 1072 1513 uti
1093 1449 1136 1512 ad
1157 1449 1297 1514 hominis
1320 1449 1403 1514 bene
1424 1450 1519 1535 figo-¹

362 1552 426 1614 rati
458 1550 707 1616 similitudinem
739 1552 955 1616 membrorum
985 1549 1135 1614 habuerit
1162 1560 1311 1614 exactam
1336 1553 1506 1616 rationem.

329 1670 480 1736 acorpus
509 1652 596 1715 enim
624 1652 765 1716 hominis
792 1654 839 1718 ita
866 1661 983 1716 natura
1011 1652 1191 1738 composuit
1219 1654 1266 1718 uti
1289 1675 1324 1717 os
1348 1654 1465 1739 capitis
1487 1676 1507 1716 a

364 1762 471 1817 mento
498 1754 541 1816 ad
562 1754 702 1818 frontem
725 1776 881 1817 summam
905 1763 937 1817 et
958 1754 1084 1817 radices
1106 1753 1187 1817 imas
1210 1754 1321 1840 capilli
1343 1764 1429 1819 esset
1451 1754 1506 1818 de·
1529 1771 1559 1820 to
1574 1750 1588 1757 ²

364 1858 466 1919 cimae
492 1856 613 1941 partis,
641 1857 719 1918 item
746 1856 860 1919 manus
887 1854 995 1942 palma
1021 1854 1062 1918 ab
1089 1855 1226 1920 articulo
1254 1856 1296 1919 ad
1325 1866 1507 1937 extremum

363 1957 507 2021 medium
523 1956 662 2040 digitum
677 1957 878 2042 tantundem,
902 1965 999 2042 caput
1014 1979 1034 2019 a
1055 1966 1163 2021 mento
1185 1956 1228 2019 ad
1251 1981 1411 2021 summum
1434 1980 1506 2021 ver-

363 2060 460 2123 ticem
492 2067 642 2141 octavae,
671 2080 744 2123 cum
772 2058 955 2124 cervicibus
983 2059 1056 2122 imis
1084 2057 1126 2121 ab
1154 2081 1278 2123 summo
1307 2070 1437 2145 pectore
1464 2060 1507 2122 ad

369 2162 450 2224 imas
473 2159 600 2225 radices
623 2160 813 2248 capillorum
836 2170 966 2243 sextae,
993 2163 1033 2244 <a
1054 2160 1162 2223 medio
1185 2165 1335 2246 pectore>
1356 2162 1398 2225 ad
1421 2184 1506 2225 sum-

364 2284 452 2325 mum
482 2264 636 2325 verticem
666 2272 810 2348 quartae.
859 2262 963 2349 ipsius
986 2270 1095 2324 autem
1117 2263 1182 2325 oris
1204 2260 1387 2326 altitudinis
1411 2265 1508 2326 tertia
1527 2278 1558 2324 15

364 2373 414 2428 est
436 2386 510 2450 pars
533 2364 575 2428 ab
598 2365 662 2428 imo
684 2372 794 2427 mento
816 2362 858 2425 ad
880 2364 962 2425 imas
985 2384 1080 2425 nares
1087 2410 1096 2443 ,
1126 2384 1239 2425 nasum
1261 2362 1303 2426 ab
1325 2364 1398 2425 imis
1420 2365 1506 2425 nari·

364 2467 425 2529 bus
453 2466 495 2529 ad
522 2465 619 2528 finem
641 2464 784 2529 medium
806 2463 1052 2549 superciliorum
1074 2462 1276 2526 tantundem.
1319 2462 1361 2526 ab
1384 2484 1422 2525 ea
1443 2463 1508 2526 fine

364 2566 406 2629 ad
439 2568 521 2630 imas
549 2567 676 2631 radices
711 2564 820 2652 capilli
853 2564 943 2629 frons
972 2563 1113 2627 efficitur
1139 2565 1218 2627 item
1244 2565 1361 2627 tertiae
1393 2567 1507 2651 partis.

363 2690 422 2755 pes
444 2689 523 2731 vcro
544 2668 727 2732 altitudinis
751 2668 894 2752 corporis
917 2675 1046 2748 sextae,
1070 2665 1198 2729 cubitus
1222 2674 1370 2750 quartae,
1393 2676 1507 2751 pectus

363 2771 443 2835 item
463 2779 606 2856 quartae.
642 2769 768 2856 reliqua
790 2790 917 2856 quoquc
939 2767 1084 2832 membra
1106 2790 1181 2833 suas
1199 2765 1325 2850 ,habent
1347 2790 1506 2832 commcn—
1525 2786 1559 2834 20

364 2895 420 2936 sus
448 2872 689 2959 proportiones,
718 2870 836 2958 quibus
865 2873 963 2934 etiam
990 2872 1117 2957 antiqui
1139 2871 1279 2956 pictores
1304 2879 1336 2934 et
1358 2872 1508 2935 statuarii

331 2992 346 3038 3
364 2973 490 3037 nobiles
504 2975 559 3038 usi
572 2995 706 3057 magnas
723 2983 755 3035 et
773 2973 917 3036 infinitas
940 2972 1052 3037 laudes
1075 2981 1151 3037 sunt
1172 2971 1329 3036 adsecuti.
1359 2971 1508 3036 similiter

364 3097 443 3139 vero
470 3097 634 3139 sacrarum
661 3075 790 3143 aedium
818 3074 963 3137 membra
991 3075 1033 3137 ad
1055 3076 1241 3137 universam
1262 3075 1362 3137 totius
1384 3074 1506 3156 magni·

363 3177 487 3240 tudinis
511 3198 668 3239 summam
690 3197 732 3238 ex
754 3176 901 3262 partibus
924 3174 1062 3258 singulis
1086 3174 1429 3238 convenientissimum
1452 3173 1506 3235 dc-

364 3278 444 3343 bent
471 3277 593 3342 habere
620 3299 820 3342 commensus
849 3298 1050 3363 responsum.
1095 3278 1172 3339 item
1195 3275 1338 3360 corporis
1361 3283 1506 3337 centrum
1525 3293 1558 3341 25

365 3379 507 3445 medium
522 3377 714 3443 naturaliter
735 3388 785 3443 est
806 3377 991 3442 umbilicus.
1035 3398 1172 3462 namque
1194 3378 1223 3439 si
1244 3377 1339 3440 homo
1361 3375 1506 3440 conloca-

434 3640 557 3689 2tcncri
577 3638 603 3686 H
626 3635 728 3701 (solus).
750 3632 762 3702 ΙΙ
784 3634 926 3703 pariturlt
943 3637 982 3686 L:
1010 3637 1136 3701 paritura
1150 3635 1200 3685 GH
1212 3633 1271 3699 (Ic),
1295 3637 1426 3698 paratura
1447 3634 1477 3686 Ε,
1494 3633 1505 3696 l}

366 3723 534 3789 3aualogia
554 3723 618 3781 ΕΗ,
647 3721 759 3771 analoia
777 3729 835 3770 ante
854 3737 921 3774 corr.
943 3721 972 3769 6.
1002 3717 1015 3786 ll
1040 3723 1118 3769 test
1136 3725 1215 3768 ratae
1233 3719 1275 3767 Hc
1297 3717 1380 3781 (Ηώς
1403 3721 1507 3766 stratae

368 3809 446 3871 (——tc'
459 3808 491 3866 Ε,
511 3811 572 3873 -te
592 3806 625 3870 G)
645 3806 722 3855 EGH
741 3804 786 3867 (sc.
807 3806 974 3870 proportiost
992 3805 1094 3868 ratae).
1117 3801 1128 3869 ΙΙ
1151 3804 1290 3866 totiusque
1302 3802 1370 3852 Joc:
1394 3805 1507 3864 totaque
1592 3802 1600 3815 '

367 3892 446 3942 EGH
464 3889 531 3954 (Lic,
550 3895 610 3940 tota
632 3892 665 3939 Lc
683 3906 758 3940 craso
778 3888 852 3954 que).
869 3887 881 3956 Η
901 3893 916 3940 5
936 3907 968 3940 ex
988 3905 1041 3953 qua
1053 3889 1124 3936 ratio
1137 3888 1167 3935 H
1178 3887 1279 3948 (Gcblv,
1294 3901 1326 3933 cs
1345 3885 1509 3947 quaratione

366 3983 426 4026 ante
444 3992 513 4030 corr.
532 3975 565 4038 ti:
596 3991 628 4025 cx
648 3975 781 4039 quadrato
800 3975 825 4023 E
843 3981 869 4023 et
885 3982 944 4024 ante
963 3990 1030 4024 corr.
1051 3973 1080 4026 G.
1108 3969 1120 4037 ΙΙ
1147 3970 1259 4019 taedis
1279 3970 1338 4020 ΕΗ,
1362 3967 1422 4032 edis
1441 3968 1506 4025 611,

367 4060 427 4110 edis
436 4062 474 4120 cir,
495 4061 577 4112 aedes
590 4059 635 4125 L).
651 4054 664 4125 ll
680 4058 915 4110 Ssimilitndinem
928 4060 989 4108 add.
1005 4059 1072 4106 Mar.
1092 4054 1139 4119 (rs.
1151 4073 1172 4108 o.
1187 4058 1231 4104 22.
1249 4053 1359 4118 figurati
1377 4051 1511 4103 membro,
1589 4078 1593 4082 ,

368 4159 426 4194 rum
440 4145 537 4209 EGH).
555 4141 568 4211 {l
586 4147 615 4194 11
636 4145 714 4193 item:
734 4145 774 4191 ita
787 4143 820 4195 E.
837 4138 850 4207 ΙΙ
865 4143 955 4206 palme
969 4142 999 4193 Ε,
1017 4137 1029 4208 Ι]
1053 4144 1084 4190 13
1102 4145 1200 4202 octavq
1214 4137 1273 4185 EG:
1293 4139 1373 4185 octae
1387 4136 1414 4183 H
1433 4133 1507 4199 (octe

367 4231 418 4287 ecl,
438 4233 498 4280 octo
518 4235 576 4279 ante
589 4244 657 4280 corr.
671 4229 706 4289 c).
722 4223 734 4293 ss
752 4226 854 4290 cervib3
872 4233 932 4276 ante
949 4234 1017 4276 corr.
1034 4225 1055 4274 G
1064 4222 1125 4287 (non
1138 4222 1180 4282 Ε).
1197 4218 1209 4285 ΙΙ
1227 4222 1258 4268 14
1269 4235 1286 4268 a
1299 4219 1387 4267 medio
1397 4224 1508 4283 pectore

367 4317 428 4367 add.
443 4314 497 4363 Gal.
511 4311 597 4375 (Lon,
611 4315 707 4362 sextae
727 4309 762 4359 ad
780 4324 910 4359 summum
930 4309 1029 4372 EGH).
1053 4305 1065 4374 ΙΙ
1089 4310 1120 4357 16
1138 4320 1246 4353 nasum:
1264 4308 1302 4352 stc
1319 4303 1397 4353 EGH
1415 4301 1508 4365 (nasus

366 4398 446 4459 Joc.).
470 4393 481 4463 ll
506 4400 535 4447 17
555 4413 600 4447 eu:
619 4398 657 4445 sic
676 4395 760 4445 EGH.
786 4389 798 4459 ll
823 4395 853 4443 18
873 4393 968 4458 capilli
987 4392 1047 4440 EG:
1068 4387 1177 4454 capillis
1197 4389 1224 4438 H
1243 4387 1303 4451 (cl).
1326 4384 1338 4452 ΙΙ
1362 4390 1394 4436 19
1413 4402 1508 4452 corpo—

368 4483 405 4531 ris
429 4485 504 4546 sexte
523 4481 572 4530 EG
590 4480 650 4544 (ωε
674 4480 794 4544 corporis
813 4482 892 4526 extas
918 4478 943 4524 H
963 4474 1082 4539 (corpori
1101 4478 1177 4522 sexte
1199 4472 1242 4536 ic).
1266 4469 1279 4537 ll
1307 4472 1416 4521 cubitus
1438 4471 1507 4521 doc:

370 4567 490 4616 cubitum
510 4567 548 4623 H,
568 4567 632 4614 -tu
652 4564 701 4614 EG
724 4562 803 4626 (Llc).
827 4559 839 4628 {l
861 4563 893 4611 20
910 4575 981 4623 suas
1008 4560 1081 4612 Lon:
1105 4573 1168 4609 suos
1193 4557 1277 4607 EGH.
1301 4554 1313 4622 {l
1341 4570 1508 4606 commensus

370 4657 428 4700 ante
446 4666 514 4702 corr.
535 4650 561 4698 H
584 4648 620 4713 (et
642 4649 701 4713 Ec).
730 4645 741 4714 ΙΙ
768 4651 798 4697 21
823 4646 1014 4712 proportiones
1037 4645 1114 4694 EGH
1136 4640 1182 4706 (lc,
1205 4641 1391 4707 proportionis
1413 4640 1464 4697 Ec,
1486 4637 1510 4688 dr

369 4735 558 4799 proportiones
576 4732 623 4799 L).
1056 4745 1062 4751 ·
1150 4783 1155 4793 ⁸

404 4834 518 4872 vrrsnv.
537 4835 573 4870 us
592 4833 705 4870 sacrm.
953 4825 955 4828 ·
976 4885 985 4906 ·
1286 4809 1307 4873 5
