3784 5625
693 686 740 731 DE
763 681 1030 735 ARCHITECTURA
1054 688 1123 735 LIB.
1147 691 1180 735 V.
1262 720 1267 736 1

586 949 589 957 ’
655 976 862 1052 nisan
902 976 1226 1068 colurus.
1277 915 1280 922 ⁵

336 1195 350 1242 1
455 1174 523 1257 Qui
550 1176 762 1264 amplioribus
790 1177 1028 1261 voluminibus,
1057 1181 1247 1267 imperator,
1276 1180 1401 1266 ingenii
1424 1184 1510 1267 cogi-

368 1280 508 1343 tationes
543 1288 781 1366 praeceptaque
813 1279 1077 1367 explicaverunt,
1112 1282 1271 1360 maximas
1302 1291 1334 1345 et
1363 1285 1510 1368 egregias

369 1380 559 1444 adiecerrmt
574 1380 642 1443 suis
659 1381 789 1466 scriptis
804 1373 1024 1445 auctoritates
1058 1382 1145 1467 quod
1160 1383 1258 1446 ctiam
1272 1382 1327 1445 vel
1341 1384 1377 1447 in
1391 1388 1510 1449 nostris

369 1503 499 1568 quoque
520 1480 641 1552 studiis¹
661 1502 712 1544 res
735 1491 916 1568 pateretur,
944 1493 982 1546 ut
1003 1482 1310 1569 amplificationibus
1333 1488 1545 1551 auctoritast

370 1593 403 1647 et
424 1584 459 1646 in
481 1582 531 1645 his
551 1583 736 1668 praeceptis
760 1593 945 1668 augeretur,
970 1584 1028 1647 scd
1042 1583 1078 1647 id
1092 1606 1158 1648 non
1173 1595 1222 1649 est
1238 1575 1516 1671 quemadmodum·

368 1693 502 1770 putatur
524 1684 724 1770 expeditum.
768 1706 833 1748 non
861 1686 947 1748 enim
975 1684 1015 1747 dc
1043 1685 1261 1750 architectura
1288 1688 1335 1750 sio
1357 1686 1512 1776 scribitur

368 1787 418 1850 nti
445 1785 582 1850 historia
609 1795 666 1848 aut
694 1794 853 1873 poemata.
897 1786 1053 1850 historiae
1080 1808 1139 1871 per
1167 1808 1201 1849 se
1229 1796 1341 1853 tenent
1362 1787 1512 1853 lectores
1538 1775 1562 1807 '²

368 1887 489 1951 habent
518 1887 603 1950 enim
625 1908 783 1950 novarum
810 1908 920 1951 rerum
947 1889 1055 1951 varias
1084 1889 1337 1974 expectationes.
1382 1913 1509 1977 poema·

367 1999 475 2054 torum
502 2009 579 2052 vcro
607 1997 710 2052 metra
738 1996 770 2051 et
797 1988 897 2074 pedes
923 2011 961 2051 ac
989 1988 1163 2052 verborum
1186 1988 1315 2074 elegans
1339 1991 1510 2077 dispositio
1531 2011 1562 2059 10

368 2099 401 2153 et
422 2090 655 2153 sententiarum
676 2091 762 2153 inter
783 2111 936 2176 personas
960 2090 1130 2154 distinctas
1152 2089 1195 2152 ad
1216 2112 1348 2178 versum
1370 2076 1510 2179 pronun-

367 2191 461 2256 tiatio
483 2188 693 2277 prolectando
716 2211 831 2255 sensus
854 2190 1032 2276 legentium
1054 2192 1204 2278 perducit
1232 2194 1302 2256 sine
1324 2194 1447 2259 offensa
1468 2194 1511 2257 ad
1543 2273 1546 2279 Ι

332 2309 349 2356 2
368 2314 527 2360 summam
543 2284 737 2380 scriptorum
752 2293 1024 2355 terminationem.
1052 2294 1087 2357 id
1102 2303 1210 2356 autem
1225 2295 1259 2356 in
1273 2293 1510 2358 architecturae

368 2393 663 2479 conscriptionibus
696 2415 761 2457 non
794 2402 902 2479 potest
934 2392 1022 2474 fieri,
1058 2392 1145 2477 quod
1172 2392 1331 2457 vocabula
1360 2416 1402 2457 cx
1429 2396 1509 2465 artis

367 2495 499 2583 propria
519 2493 714 2559 necessitate
736 2502 892 2579 concepta
911 2494 1100 2558 inconsueto
1115 2515 1262 2558 sermone
1277 2493 1423 2560 obiciunt
1438 2517 1509 2560 scn·
1530 2515 1560 2562 15

367 2598 458 2662 sibus
474 2596 715 2661 obscuritatem.
753 2617 826 2658 cum
849 2616 925 2679 ergo
949 2616 987 2656 ea
1008 2617 1066 2682 per
1087 2616 1123 2659 se
1144 2618 1209 2660 non
1231 2596 1296 2659 sint
1316 2606 1429 2684 aperta
1450 2618 1510 2660 nec

366 2708 500 2786 pateant
523 2719 633 2761 eorum
654 2699 689 2761 in
711 2695 947 2761 consuetudine
961 2697 1102 2778 nomina,
1125 2707 1195 2761 turn
1211 2698 1309 2761 etiam
1323 2709 1509 2785 praecepto-

365 2823 440 2865 rum
462 2798 528 2864 latc
551 2807 708 2884 vagantes
732 2799 921 2887 scripturae,
946 2799 975 2862 si
998 2822 1063 2863 non
1086 2799 1320 2887 contrahantur
1342 2811 1374 2866 et
1395 2802 1508 2889 paucis

368 2914 399 2968 et
420 2900 598 2989 perlucidis
626 2901 796 2965 sententiis
826 2899 1046 2987 explicentur,
1074 2902 1259 2988 frequentia
1285 2902 1509 2968 multitudine·

367 3027 430 3090 que
452 3003 609 3068 sermonis
631 3002 818 3089 inpediente
846 3003 985 3065 incertas
1013 3001 1192 3088 legentium
1220 3003 1361 3068 efficient
1388 3005 1508 3089 cogita·
1527 3022 1560 3069 20

366 3108 482 3171 tiones.
526 3105 637 3190 itaque
659 3102 801 3169 occultas
823 3105 1059 3169 nominationes
1082 3126 1349 3190 commensusque
1371 3128 1388 3168 e
1409 3127 1519 3168 mem--

366 3208 436 3272 bris
463 3226 597 3293 operum
624 3207 854 3292 pronuntianS,
883 3215 920 3268 ut
946 3207 1121 3269 memoriae
1148 3206 1334 3287 tradantur,
1363 3205 1510 3269 breviter

367 3329 539 3395 exponam.
584 3309 631 3370 sic
654 3308 740 3371 enim
763 3306 948 3393 expeditius
972 3328 1010 3368 ea
1031 3308 1176 3393 recipere
1198 3316 1351 3395 potemnt
1372 3317 1507 3372 mentes.
1550 3311 1553 3318 '

330 3427 432 3475 3non
458 3411 566 3472 minus
595 3431 668 3471 cum
695 3406 999 3472 animadvertissem
1033 3408 1208 3472 distentam
1241 3409 1507 3495 occupationibus

366 3512 536 3578 civitatem
557 3507 697 3596 publicis
720 3518 752 3572 et
774 3509 911 3596 privatis
934 3510 1091 3594 negotiis,
1121 3511 1234 3597 paucis
1261 3511 1406 3575 iudicavi
1429 3512 1507 3575 scri·
1526 3530 1558 3578 25

365 3610 526 3694 bendum,
560 3611 609 3674 uti
630 3619 768 3695 angusto
796 3611 901 3696 spatio
929 3611 1101 3676 vacuitatis
1131 3634 1169 3675 ea
1195 3611 1341 3696 legentes
1363 3612 1508 3676 breviter

363 3714 531 3800 percipere
552 3721 694 3798 possent.

405 4075 408 4078 ,
433 4020 555 4073 Vitruvii
571 4018 642 4069 liber
660 4022 775 4083 quartus
793 4018 914 4083 explicit.
934 4018 1034 4083 incipit
1051 4019 1120 4069 liber
1138 4019 1248 4083 quintus
1267 4019 1295 4067 H
1312 4018 1356 4081 (L,
1375 4034 1421 4069 om.
1441 4033 1504 4068 nom.

365 4125 462 4186 asine
480 4120 573 4184 1111),
592 4120 704 4171 vitruvii
723 4120 809 4186 explic
833 4104 870 4169 lib
891 4123 1022 4184 quartus.
1036 4119 1133 4184 incipit
1152 4119 1270 4183 quintus.
1290 4119 1320 4170 G.

433 4223 449 4271 9
471 4225 659 4286 poematorum
680 4236 746 4271 vero
773 4222 924 4270 carminum
951 4225 1039 4270 metra
1067 4221 1117 4269 GH
1145 4218 1262 4281 (plumam
1284 4219 1358 4268 eiecit
1385 4217 1471 4282 Lon).
1492 4218 1504 4282 ΙΙ

366 4309 397 4356 11
416 4300 564 4356 distinctus
582 4304 617 4355 cd
635 4320 743 4356 versum
761 4320 819 4369 epo:
839 4303 985 4353 distinctas
1004 4318 1130 4354 versuum
1150 4303 1207 4354 GH.
1235 4298 1247 4367 l(
1276 4305 1307 4351 12
1325 4303 1505 4367 proiectando

364 4397 425 4440 ante
442 4405 511 4441 corr.
533 4390 562 4439 d.
583 4385 595 4454 ΙΙ
618 4391 649 4438 16
672 4389 739 4439 Ourn
763 4402 827 4452 ergo
851 4402 884 4437 ea
902 4388 931 4435 H
950 4386 1036 4449 (Llc):
1067 4386 1134 4436 Cum
1158 4401 1191 4436 ea
1210 4402 1273 4451 crgo
1297 4386 1326 4436 G.
1354 4383 1366 4452 ΙΙ
1395 4389 1426 4437 18
1449 4387 1505 4438 late

365 4478 502 4539 vagantes
517 4471 620 4538 G(Ll):
638 4473 697 4523 lata
715 4474 866 4537 evagantes
885 4469 944 4535 (pro
963 4470 1039 4520 latae
1057 4472 1074 4519 i.
1093 4470 1150 4536 lato
1162 4469 1200 4535 v.)
1220 4471 1247 4519 H
1260 4469 1327 4536 (leto
1345 4488 1408 4538 vag.
1422 4470 1472 4536 cb).
1489 4471 1503 4543 l(

366 4572 422 4608 non
440 4556 639 4607 contrahantur
656 4561 710 4608 ed:
729 4573 783 4607 nen
802 4555 995 4605 contrahentur
1014 4554 1067 4604 GH
1083 4552 1125 4618 (L,
1145 4570 1199 4605 non
1217 4555 1362 4606 trahentur
1379 4552 1453 4623 20).ss
1473 4558 1504 4606 19

367 4641 555 4706 explicentur:
581 4641 618 4691 ric
638 4642 687 4692 GH
711 4639 893 4706 (explicantur
915 4642 938 4688 le
957 4635 1011 4704 [v]).
1034 4636 1046 4704 l(
1069 4641 1102 4689 24
1126 4641 1160 4690 cd
1181 4640 1202 4691 G
1220 4639 1281 4703 (er
1306 4655 1367 4691 eum
1385 4643 1414 4691 H
1436 4639 1461 4706 (c
1480 4646 1505 4692 et

367 4722 570 4786 reiecerat).
