3784 5625
706 682 753 727 nn
776 681 1042 729 Anenrrneruna
1066 683 1132 728 ma.
1157 685 1188 729 x.
1454 671 1515 734 247

373 839 424 902 sin
446 846 555 901 autem
579 835 756 900 maioribus
780 834 932 898 oneribus
956 844 1050 898 erunt
1077 836 1246 899 machinae
1269 837 1515 923 comparandae,

372 938 585 1025 amplioribus
614 938 779 1021 tignorum
806 935 1068 1020 longitudinibus
1097 947 1129 1001 ct
1159 937 1431 1021 crassitudinibus
1455 942 1517 1004 erit

370 1040 531 1104 utendum
554 1047 586 1103 et
614 1037 727 1101 eadem
748 1039 875 1101 ratione
902 1039 937 1100 in
959 1061 1084 1103 summo
1106 1038 1367 1120 fibulationibus,
1394 1042 1427 1102 in
1451 1042 1515 1105 imo

371 1139 557 1205 sucularum
580 1140 822 1215 versationibus
846 1138 1097 1226 expediendum.
1141 1139 1192 1203 his
1209 1139 1381 1226 explicatis
1396 1143 1516 1205 antarii

370 1245 465 1307 funes
489 1251 565 1306 ante
587 1241 657 1305 laxi
678 1239 898 1324 conlocentur,
921 1240 1102 1304 retinacula
1117 1264 1214 1328 super
1229 1242 1378 1328 scapulas
1393 1244 1514 1307 machi·
1534 1260 1550 1307 5

370 1367 431 1409 nae
460 1343 556 1429 longe
585 1343 816 1428 disponantur,
847 1353 879 1407 et
908 1343 936 1405 si
964 1364 1029 1406 non
1058 1344 1119 1407 erit
1146 1343 1203 1407 ubi
1226 1342 1419 1427 religentur,
1449 1345 1516 1432 pali

370 1447 552 1532 resupinati
575 1444 785 1509 defodiantur
807 1454 839 1508 et
862 1444 985 1506 circum
1007 1444 1223 1510 festucationc
1239 1444 1429 1527 solidentur,
1452 1470 1515 1533 quo

334 1562 352 1609 4
370 1548 465 1612 funes
488 1546 673 1632 alligentur.
717 1545 838 1610 troclea
859 1547 895 1608 in
917 1568 1043 1609 summo
1064 1548 1171 1632 capite
1192 1545 1362 1610 machinae
1382 1547 1516 1613 rudenti

370 1651 591 1730 contineatur,
622 1656 654 1711 et
682 1670 725 1711 ex
754 1670 791 1711 eo
819 1646 906 1709 funis
935 1647 1132 1733 perducatur
1159 1647 1201 1710 ad
1230 1647 1352 1733 palum'
1367 1658 1399 1713 et
1431 1672 1514 1736 quac

370 1762 420 1816 est
446 1752 481 1814 in
509 1748 583 1837 palo
611 1747 732 1813 troclea
754 1748 901 1833 inligata.
946 1750 1032 1811 circa
1055 1749 1123 1812 eins
1147 1748 1328 1814 orbiculum
1351 1751 1443 1819 funis
1465 1753 1513 1814 iu·
1535 1768 1565 1815 ro

369 1853 466 1916 datur
489 1860 521 1915 et
542 1851 704 1915 referatur
725 1849 767 1913 ad
790 1872 861 1913 eam
879 1849 1037 1936 ,trocleam
1061 1873 1143 1937 quac
1166 1851 1227 1914 erit
1255 1851 1298 1913 ad
1326 1862 1423 1939 caput
1445 1876 1512 1916 ma·
1545 1935 1548 1942 .

368 1955 485 2018 chinae
499 1952 648 2037 religata.
694 1953 815 2016 circum
830 1961 939 2015 autem
955 1952 1138 2016 orbiculum
1152 1952 1194 2016 ab
1210 1975 1335 2018 summo
1358 1956 1512 2019 traiectus

368 2057 457 2120 funis
481 2055 660 2120 descendat
682 2062 714 2117 et
741 2054 854 2118 redeat
875 2054 918 2116 ad
946 2053 1093 2117 suculam
1115 2076 1198 2140 quae
1221 2065 1271 2119 est
1297 2056 1332 2119 in
1359 2057 1425 2119 ima
1447 2080 1511 2120 ma-

366 2159 464 2222 china
485 2156 599 2243 ibique
619 2155 787 2240 religetur.
831 2155 982 2219 vectibus
1004 2166 1112 2219 autem
1135 2166 1246 2219 coacta
1268 2157 1381 2221 sucula
1404 2181 1512 2222 versa-

367 2260 457 2324 bitur
486 2267 518 2322 ct
548 2260 652 2341 eriget
684 2278 742 2342 per
770 2278 805 2319 sc
834 2256 1017 2320 machinam
1045 2258 1115 2320 sine
1149 2256 1303 2344 periculo.
1352 2260 1399 2322 ita
1427 2260 1563 2323 circata

366 2361 539 2447 dispositis
561 2359 694 2423 funibus
711 2367 743 2422 et
764 2357 952 2422 retinaculis
968 2358 1003 2421 in
1025 2357 1108 2445 palis
1131 2359 1339 2423 haerentibus
1354 2359 1513 2447 ampliore
1546 2402 1548 2405 v

367 2460 465 2527 modo
493 2460 644 2525 machina
672 2458 902 2526 conlocabitun
946 2458 1087 2524 trocleae
1115 2470 1147 2524 et
1176 2459 1316 2524 ductarii
1347 2461 1440 2527 funes
1462 2466 1512 2529 uti

366 2563 646 2649 suprascriptum
669 2571 718 2626 est
741 2560 971 2647 expediuntur.

329 2683 347 2731 5
452 2664 515 2729 Sin·
545 2678 655 2728 autem
688 2662 916 2728 colossicotera
943 2659 1216 2749 amplitudinibus
1245 2675 1277 2728 et
1310 2664 1509 2751 ponderibus
1523 2681 1561 2729 lv

366 2788 465 2831 onera
492 2767 527 2831 in
549 2763 702 2852 operibus
730 2764 869 2848 fuerint,
896 2787 963 2830 non
986 2767 1047 2830 erit
1075 2764 1208 2831 suculae
1230 2768 1509 2853 committendum,
1529 2784 1562 2832 20

365 2868 426 2933 sed
447 2866 719 2954 quemadmodum
735 2866 847 2931 sucula
868 2866 1025 2931 cheloniis
1046 2869 1221 2951 retinetur,
1245 2871 1291 2932 ita
1311 2872 1384 2933 axis
1408 2870 1509 2935 inclu-

365 2969 463 3034 datur
490 2970 613 3034 habens
643 2971 678 3032 in
707 2969 814 3032 medio
842 2978 1035 3055 tympanum
1057 2968 1217 3056 amplum,
1247 2972 1333 3057 quod
1363 2973 1511 3037 nonnulli

363 3081 469 3136 rotam
502 3070 685 3157 appellant,
724 3069 844 3134 Graeci
876 3080 985 3135 autem
1023 3088 1184 3155 αμφιεσιν
1216 3072 1273 3136 alii
1306 3081 1509 3158 περιθηκιον

329 3183 495 3240 evocant.
539 3173 573 3235 in
595 3172 646 3236 his
669 3181 777 3236 autem
799 3171 958 3235 machinis
981 3172 1121 3237 trocleae
1142 3196 1207 3236 non
1228 3175 1341 3238 eodem
1364 3175 1422 3239 sed
1444 3176 1509 3240 alio

348 3275 461 3340 -modo
486 3282 731 3361 comparantur.
783 3273 904 3338 habent
932 3276 1019 3338 enim
1046 3283 1079 3338 et
1106 3276 1140 3337 in
1167 3263 1232 3339 inio
1260 3285 1292 3340 et
1319 3277 1355 3340 in
1382 3301 1507 3343 summo
1526 3298 1559 3343 aa

364 3373 513 3461 duplices
541 3375 672 3438 ordines
701 3373 929 3440 orbiculorum.
980 3378 1027 3440 ita
1054 3376 1142 3440 funis
1165 3376 1332 3442 ductarius
1360 3379 1509 3444 traicitur

433 3634 449 3680 2
467 3631 676 3696 grassitndinib3
688 3631 725 3680 H.
742 3627 754 3697 ΗΗ
774 3635 789 3682 3
802 3631 932 3682 utendum
944 3630 1026 3696 (—du
1037 3673 1043 3686 .
1056 3631 1087 3699 G)
1102 3633 1198 3682 eadem
1213 3633 1264 3684 GH
1276 3634 1315 3698 (et
1327 3637 1389 3688 edd.
1402 3634 1480 3700 dea).
1495 3638 1506 3704 Η

364 3719 382 3766 4
401 3716 548 3766 saecularii
572 3718 606 3769 H.
630 3712 643 3782 ΗΗ
665 3716 869 3767 versationibus
891 3718 961 3768 doe:
989 3718 1159 3768 venationib:
1181 3719 1238 3768 GH.
1259 3716 1271 3784 Η)
1294 3720 1507 3785 expediendum:

364 3804 404 3851 sie
427 3801 478 3851 GH
499 3800 541 3863 (L,
565 3799 764 3865 expediundum
787 3800 830 3864 lc).
858 3797 870 3866 ΗΗ
897 3802 913 3850 5
936 3818 999 3865 sup:
1028 3805 1066 3852 sie
1094 3803 1153 3854 GH.
1180 3799 1192 3867 ΗΗ
1219 3805 1234 3851 6
1257 3804 1410 3869 religentur
1435 3807 1507 3859 doc:

364 3883 483 3951 -get(&
493 3884 566 3947 H)ur
585 3884 645 3934 GH.
668 3879 679 3948 ΙΗ
703 3887 717 3933 ’1
738 3884 911 3935 fistucatione
931 3887 990 3937 GH.
1019 3882 1031 3952 ΗΗ
1059 3887 1187 3951 Sospite
1210 3903 1256 3937 om.
1276 3889 1297 3937 G
1320 3887 1393 3951 (adil.
1419 3891 1473 3951 (1⁸⁶).
1494 3889 1506 3953 (Η

299 3976 302 3981 “
363 3974 381 4021 9
400 3969 475 4019 funis
494 3969 659 4034 perducatur
672 3969 756 4020 liade:
777 3970 857 4019 funes
868 3970 1026 4032 pdueantur
1045 3971 1104 4020 GH.
1124 3968 1136 4037 ΗΗ
1161 3975 1192 4022 10
1210 3972 1316 4022 troclea
1328 3975 1383 4024 ectr
1403 3975 1509 4025 troclea

298 4072 309 4089 ⁸
365 4055 421 4106 GH
436 4055 481 4117 (L,
498 4070 594 4104 -eam
612 4053 656 4115 ic).
681 4048 692 4117 Η
713 4052 916 4117 1111111111οοὶθῆ
937 4062 996 4104 avite
1014 4071 1083 4104 corr.
1102 4052 1141 4118 (o)
1162 4060 1190 4108 G.
1213 4052 1226 4121 Η
1253 4054 1345 4106 indatl
1373 4056 1400 4117 (i.
1419 4075 1442 4112 e.
1466 4061 1507 4108 in·

364 4138 459 4200 datur)
481 4139 514 4187 H
532 4133 636 4199 (indatq
655 4139 672 4186 i.
692 4152 715 4190 e.
733 4136 843 4187 indatus
860 4139 896 4197 L,
921 4136 1014 4188 indat²
1034 4141 1043 4187 1
1054 4140 1211 4190 :indatur
1229 4141 1267 4203 e):
1292 4141 1420 4192 inducat²
1442 4146 1472 4198 G.
1493 4142 1505 4210 Η

365 4227 397 4274 12
416 4223 534 4288 religata
547 4230 606 4272 ante
618 4237 687 4272 corr.
702 4220 787 4286 l-ta)
803 4225 833 4274 G.
849 4219 861 4288 ΗΗ
879 4223 913 4272 ab
927 4239 1030 4274 summo
1043 4226 1112 4276 dea:
1133 4222 1291 4289 adlsummo
1311 4228 1340 4286 G,
1360 4228 1394 4276 ad
1412 4231 1508 4291 auimo

366 4308 393 4356 H
416 4304 551 4371 (asumma
575 4306 677 4367 G0Llc).
700 4302 712 4372 ΗΗ
741 4308 772 4356 13
795 4307 906 4357 succnli
927 4308 978 4357 GH
996 4307 1037 4369 (11,
1056 4309 1153 4359 sucula
1170 4310 1213 4373 L),
1233 4319 1260 4360 ut
1277 4328 1298 4360 υ.
1320 4314 1351 4361 14
1370 4310 1407 4375 (ut
1425 4317 1507 4378 υιιζᾳο)

364 4391 463 4442 sucula
481 4392 534 4442 GH
549 4390 611 4454 (Le,
629 4390 784 4456 succollat).
805 4388 816 4457 Η)
838 4392 993 4442 versabitur
1006 4390 1085 4457 (Η)
1104 4396 1194 4459 eriget
1208 4397 1258 4445 GH
1271 4393 1311 4460 (et
1323 4399 1385 4447 add.
1398 4400 1477 4463 101).
1493 4400 1505 4465 Η)

365 4479 398 4527 18
417 4480 461 4527 est
476 4492 525 4526 om.
545 4475 574 4526 G,
598 4473 610 4540 ΙΙ
633 4478 664 4526 19
682 4475 880 4526 colossicotera
899 4474 928 4525 H
945 4475 996 4539 (LI,
1016 4481 1124 4527 —terra
1141 4479 1195 4541 ele),
1216 4481 1334 4531 colosico
1354 4489 1429 4533 terra
1447 4493 1507 4535 rente

362 4577 434 4611 corr.
453 4558 570 4623 (·-tera)
590 4560 619 4609 G.
643 4554 655 4624 ΙΗ
676 4562 708 4608 21
728 4560 853 4610 chelonis
874 4561 931 4610 GH.
951 4557 964 4626 ΗΗ
987 4564 1019 4610 ‘2⁵2
1038 4562 1126 4611 medio
1144 4563 1213 4616 dea:
1233 4565 1325 4614 medii]
1342 4567 1380 4629 H,
1398 4568 1507 4634 -dium

366 4644 395 4696 G.
418 4641 431 4710 ΗΗ
453 4633 644 4708 13ἀμφίεσιν
663 4633 848 4709 (applicem)
872 4644 963 4697 Tura:
992 4647 1131 4711 anuphiere
1150 4648 1184 4707 G,
1207 4650 1369 4714 amphieron
1386 4652 1416 4699 H
1435 4651 1507 4711 (-ri.·

363 4729 396 4788 L,
418 4727 578 4793 amphicscn
596 4726 639 4791 ie).
663 4723 675 4793 ΙΗ
698 4728 852 4793 peritheeiu
871 4725 1077 4793 (peritrochium
1096 4731 1149 4796 ed.)
1167 4737 1270 4783 vocant
1289 4736 1348 4786 GH.
