3784 5625
382 669 442 732 196
861 683 1020 729 vrrauvn

379 839 466 900 mine
489 846 521 900 et
548 835 647 899 latere
674 844 814 899 testaceo
837 844 996 898 structum
1023 856 1152 897 murum
1174 834 1362 899 Samiramis
1385 835 1521 898 circum-

379 937 471 1002 dedit
497 936 670 1024 Babyloni.
719 938 798 1000 item
825 935 904 1022 Iope
935 937 971 999 in
998 935 1094 1023 Syria
1120 934 1310 1022 Arabiaque
1337 934 1523 1000 Nomadum

378 1038 467 1103 lacus
491 1048 566 1104 sunt
587 1040 710 1102 inmani
732 1036 958 1123 magnitudine
974 1037 1029 1123 qui
1052 1038 1204 1101 emittunt
1226 1037 1396 1101 bituminis
1419 1038 1521 1101 maxi-

378 1163 447 1204 mas
469 1140 586 1222 moles,
610 1162 689 1225 quas
712 1137 872 1226 diripiunt
894 1139 951 1226 qui
972 1138 1122 1202 habitant
1144 1140 1240 1203 circa.
1277 1138 1312 1202 id
1334 1148 1444 1204 autem
1458 1161 1524 1202 non
1542 1154 1558 1201 9

346 1252 428 1306 sest
450 1242 645 1306 mirandum.
695 1263 771 1304 nam
794 1240 926 1304 crebrae
950 1250 1026 1304 sunt
1053 1239 1100 1304 ibi
1127 1238 1324 1327 lapidicinae
1352 1240 1523 1305 bituminis

379 1346 463 1409 duri.
508 1367 582 1407 cum
604 1364 681 1426 ergo
704 1364 763 1429 per
783 1341 1015 1407 bituminosam
1037 1351 1156 1405 terram
1171 1342 1222 1404 vis
1247 1342 1389 1428 erumpit
1409 1362 1524 1427 aquae,

379 1468 488 1510 secum
511 1444 665 1525 extrahit,
688 1454 720 1507 et
743 1466 815 1507 cum
844 1445 887 1507 sit
916 1465 1047 1529 egressa
1075 1453 1169 1507 extra
1196 1453 1316 1506 terram
1344 1444 1526 1507 secernitur

380 1558 412 1612 et
433 1550 480 1612 ita
501 1548 596 1611 reicit
617 1544 659 1609 ab
682 1567 716 1607 se
738 1544 895 1610 bitumen.
941 1546 1103 1631 etiamque
1125 1554 1174 1608 est
1201 1545 1236 1606 in
1258 1544 1470 1631 Cappadocia
1491 1545 1526 1606 in

378 1650 496 1712 itinere
511 1646 599 1734 quod
615 1656 664 1710 est
679 1648 764 1711 inter
778 1646 914 1711 Mazaca
930 1657 962 1711 et
977 1646 1092 1732 Tyana
1106 1645 1196 1709 lacus
1211 1644 1338 1731 amplus
1345 1696 1354 1728 ‚
1379 1647 1414 1710 in
1429 1666 1525 1731 quem

330 1760 362 1807 10
379 1749 486 1814 lacum
507 1771 583 1836 pars
599 1748 670 1811 sive
692 1747 883 1812 harundinis
907 1748 979 1811 sive
994 1746 1051 1810 alii
1073 1749 1202 1832 generis
1219 1749 1247 1811 si
1263 1748 1406 1811 demissa
1427 1746 1526 1811 fuerit

380 1861 412 1916 et
434 1860 563 1938 postero
587 1850 640 1914 die
663 1859 814 1938 exempta
820 1900 829 1933 ‚
860 1872 898 1913 ea
925 1871 1000 1936 pars
1024 1871 1106 1934 quae
1128 1848 1228 1912 fuerit
1251 1858 1403 1934 exempta
1433 1850 1523 1911 inve·

380 1954 488 2016 nietur
510 1951 655 2037 lapidea,
685 1972 767 2038 quae
789 1959 896 2015 autem
918 1973 993 2037 pars
1016 1960 1110 2014 extra
1130 1971 1249 2035 aquam
1271 1950 1430 2014 manserit
1453 1971 1523 2037 per·

379 2063 489 2118 manet
523 2053 559 2115 iu
590 2076 648 2117 sua
681 2054 889 2139 proprietate.
943 2049 987 2114 ad
1019 2050 1157 2116 eundem
1189 2050 1321 2115 modum
1354 2050 1525 2137 Hierapoli
1542 2070 1571 2117 10

379 2156 545 2242 Phrygiae
567 2154 701 2218 effervet
722 2176 825 2240 aquae
841 2153 967 2218 calidae
988 2152 1179 2234 multitudo,
1203 2174 1300 2238 equa
1315 2154 1438 2218 circum
1453 2153 1524 2218 hor·

331 2267 362 2316 15
379 2266 430 2321 tos
454 2267 485 2320 et
507 2257 621 2319 vineas
649 2255 745 2321 fossis
775 2256 880 2320 ductis
909 2256 1096 2319 inmittitur.
1144 2254 1225 2318 haec
1251 2264 1361 2319 autem
1385 2254 1525 2319 efficitur

380 2367 454 2446 post
476 2380 596 2422 annum
619 2367 727 2422 crusta
749 2357 889 2444 lapidea.
933 2358 981 2420 ita
1003 2357 1176 2443 quotannis
1199 2357 1317 2421 dextra
1331 2380 1371 2420 ac
1393 2358 1525 2421 sinistra

380 2462 542 2545 margines
572 2480 615 2522 ex
641 2469 728 2523 terra
756 2458 908 2523 faciundo
942 2459 1103 2523 inducunt
1136 2481 1207 2521 eam
1235 2468 1267 2522 et
1300 2459 1449 2523 efficiunt
1474 2457 1523 2520 his

381 2562 499 2625 crustis
533 2562 568 2624 in
595 2562 684 2646 agris
713 2572 815 2647 septa.
870 2559 932 2624 hoc
959 2569 1068 2624 autem
1101 2561 1149 2623 ita
1175 2559 1308 2624 videtur
1333 2558 1525 2624 naturaliter

380 2662 467 2745 fieri,
503 2661 590 2747 quod
618 2663 652 2726 iu
680 2663 708 2725 is
737 2660 816 2726 locis
845 2669 877 2725 et
912 2683 949 2725 ea
976 2671 1064 2725 terra
1091 2662 1209 2748 quibus
1237 2662 1400 2745 nascitur,
1431 2681 1522 2724 sucus

330 2774 364 2823 20
381 2763 493 2829 subest
521 2761 649 2848 coaguli
680 2772 817 2828 naturae
849 2762 981 2845 similia,
1016 2762 1135 2827 deiude
1163 2785 1236 2827 cum
1270 2764 1449 2828 commixta
1474 2762 1522 2826 vis

383 2863 549 2950 egreditur
576 2887 634 2950 per
661 2863 766 2928 sontes
795 2875 889 2930 extra
919 2876 1058 2949 terram,
1091 2889 1111 2928 a
1139 2865 1216 2930 solis
1245 2874 1277 2930 et
1303 2867 1390 2930 aeris
1419 2864 1522 2929 calore

381 2969 510 3052 cogitur
532 2965 707 3051 congelari,
730 2977 767 3031 ut
789 2968 886 3031 etiam
909 2969 943 3031 in
965 2968 1050 3030 areis
1074 2966 1251 3032 salinarum
1266 2967 1409 3032 videtur.
1446 2968 1521 3031 item
1538 2983 1561 3030 11

381 3078 457 3134 sunt
480 3091 522 3132 ex
543 3089 652 3132 amaro
668 3090 744 3133 suco
766 3078 872 3133 terrae
894 3068 1000 3134 sontes
1018 3078 1172 3134 exeuntes
1188 3070 1399 3134 vehementer
1412 3068 1521 3149 amari,

380 3181 417 3235 ut
439 3172 474 3234 in
496 3170 601 3234 Ponto
624 3180 672 3235 est
698 3170 819 3234 flumen
848 3169 1011 3258 Hypanis
1055 3172 1083 3234 is
1105 3194 1125 3234 a
1147 3173 1255 3258 capite
1275 3171 1410 3259 profluit
1432 3170 1520 3235 circi-

331 3284 364 3332 15
381 3283 431 3338 ter
445 3271 537 3337 milia
552 3290 598 3335 xn
614 3294 729 3359 sapore
744 3271 951 3357 dulcissimo,
974 3272 1093 3336 deinde
1108 3296 1182 3338 cum
1196 3275 1347 3360 pervenit
1361 3272 1405 3336 ad
1420 3272 1521 3339 locum

450 3465 462 3510 1
483 3465 618 3511 structum
637 3458 700 3523 (-1‘1
718 3460 777 3524 ΕΘ)
796 3478 901 3512 murum
920 3462 982 3526 (-ι“1
1003 3461 1050 3526 Θ)ε
1068 3465 1106 3512 sic
1122 3463 1209 3515 EGH.
1234 3459 1247 3529 [l
1268 3463 1432 3513 aameramis
1449 3461 1525 3512 ΕΘΗ

384 3543 451 3609 (hle,
471 3545 633 3595 saemiramis
651 3542 693 3610 lc).
722 3541 735 3612 1)
760 3547 775 3594 2
796 3548 935 3612 Babyloni
957 3547 1202 3612 Miller-Simidiup:
1229 3547 1367 3610 babylone
1391 3547 1424 3605 G,
1448 3545 1522 3596 babi-

382 3628 443 3679 lone
460 3629 496 3688 Η,
515 3645 611 3679 -nem
629 3629 662 3682 Ε.
685 3625 698 3695 Ι)
720 3631 787 3696 Iope
805 3629 901 3697 (Ioppe
918 3631 1003 3694 Joc.):
1026 3637 1091 3697 tope
1114 3631 1199 3681 EGH.
1228 3627 1241 3698 Ι)
1265 3631 1418 3681 Nomadum
1442 3631 1521 3680 Rode:

383 3714 554 3764 numidarum
572 3713 659 3766 EGH.
681 3710 693 3780 1)
721 3715 867 3764 31nittuut
892 3717 913 3766 G
938 3716 998 3779 (non
1015 3715 1061 3782 Ε),
1085 3712 1098 3782 Ι)
1119 3718 1135 3766 5
1157 3715 1308 3781 lapicidina
1330 3719 1361 3768 le.
1384 3712 1396 3781 Ι)
1424 3715 1521 3766 8.abse

382 3797 463 3847 ΕΘΗ
478 3796 521 3859 (L,
540 3796 607 3847 adse
625 3803 656 3856 lc,
675 3816 692 3849 a
710 3814 740 3849 se
759 3801 810 3854 cca.
832 3796 844 3867 ΙΙ
868 3800 1039 3866 cappadocia
1056 3801 1086 3849 H
1104 3798 1153 3861 (cla,
1172 3800 1326 3865 capadocia
1342 3803 1359 3860 1,
1380 3799 1520 3864 campodo-

383 3882 427 3931 cia
449 3882 499 3947 L),
530 3882 682 3947 capodocia
703 3884 761 3933 EG.
791 3887 803 3950 ΙΙ
829 3886 980 3934 9mazaca
1007 3890 1034 3934 et
1055 3888 1142 3934 tuana
1169 3883 1210 3947 (et
1233 3899 1308 3934 uana
1325 3893 1386 3934 unte
1403 3881 1520 3942 eumd)

381 3967 468 4020 EGH.
490 3962 503 4033 Ι)
526 3964 554 4015 in
574 3982 654 4031 quem
672 3966 764 4018 lacum
782 3968 836 4017 ΕΗ
859 3967 941 4033 (hle),
965 3969 1049 4031 inqui
1069 3968 1211 4018 laedente
1233 3984 1302 4019 corr.
1323 3969 1344 4018 Θ
1368 3967 1428 4032 (sed
1446 3969 1480 4019 Ge
1495 3967 1520 4014 iu

383 4067 435 4115 quo
454 4050 539 4116 lacu).
555 4047 568 4118 1)
588 4055 619 4102 lo
637 4053 757 4103 demissa
771 4053 818 4103 Gc:
838 4052 952 4103 dimissa
964 4052 1049 4102 ΕΘΗ.
1068 4049 1126 4119 1111
1146 4058 1258 4118 postera
1276 4052 1321 4102 die
1335 4053 1361 4101 Ε
1379 4052 1441 4117 (uon
1454 4053 1494 4114 Θ).
1507 4048 1519 4112 ll

384 4137 417 4184 12
436 4139 528 4185 autem
540 4138 602 4194 ΕΗ,
624 4152 636 4187 κ
659 4135 688 4186 Θ.
712 4133 724 4202 Ι)
748 4139 780 4185 14
799 4153 813 4186 e
833 4152 886 4201 qua
904 4134 951 4197 (ex
970 4151 1023 4200 qna
1041 4136 1105 4198 eat:
1126 4137 1242 4202 equibus
1260 4136 1346 4191 ΕΘΗ.
1372 4134 1384 4204 Ι)
1408 4136 1522 4201 1611ρί-

382 4218 434 4269 dea
452 4220 506 4269 ita:
531 4221 570 4270 sic
591 4220 678 4270 ΕΘΗ.
706 4216 718 4286 Ι)
746 4223 777 4270 17
801 4220 932 4270 faciundo
951 4219 1037 4270 EGH.
1062 4216 1075 4286 Ι)
1097 4220 1140 4271 his
1157 4223 1230 4272 loa:
1253 4222 1282 4270 in
1303 4221 1347 4271 his
1371 4221 1427 4270 ΕΗ
1445 4219 1521 4284 (Llc),

381 4319 427 4356 om.
446 4311 505 4354 ante
523 4320 591 4357 corr.
612 4304 635 4368 (i
652 4304 717 4367 11111)
738 4305 767 4357 Θ.
790 4300 802 4371 Ι)
825 4307 857 4356 19
880 4305 943 4370 quia
974 4305 996 4354 Ε
1023 4303 1083 4370 (pro
1106 4305 1189 4369 quod,
1206 4311 1240 4354 'ut
1262 4304 1348 4368 solet).
1380 4301 1392 4370 ΙΙ
1420 4307 1457 4358 is:
1480 4305 1521 4353 his

381 4388 468 4438 EGH.
493 4385 504 4454 ΙΙ
529 4389 628 4453 quibus
645 4389 770 4440 nascitur
787 4405 847 4455 epo:
867 4391 965 4455 quibus
983 4390 1008 4439 is
1026 4385 1283 4456 1111111111ΕΘΗ.)
1302 4391 1465 4440 2010111111
1481 4391 1522 4438 nis

381 4472 405 4520 Ε
424 4471 485 4536 (non
505 4473 546 4536 Θ).
562 4469 574 4538 1)
591 4476 621 4523 21
642 4475 735 4524 calore
752 4474 803 4524 ΕΘ
820 4473 933 4540 (Llcclrb
954 4474 1030 4524 calor
1046 4476 1075 4524 H
1094 4471 1217 4542 (11))22
1235 4474 1386 4525 salinarum
1397 4476 1430 4525 H
1439 4472 1518 4538 (Ltr):

381 4557 523 4609 salinariis
540 4557 597 4608 ΕΘ.
623 4555 635 4623 ΙΙ
658 4561 691 4610 23
709 4574 803 4609 amuro
824 4557 861 4622 (ut
882 4559 993 4622 uidetur)
1017 4567 1076 4608 ante
1099 4575 1167 4612 corr.
1186 4560 1223 4608 H.
1251 4555 1264 4626 ss
1289 4562 1323 4609 24
1345 4558 1520 4626 Hypanis.is

381 4637 439 4703 (qui
461 4641 531 4704 Joc.)
556 4659 573 4690 a
592 4643 685 4707 capite
708 4658 769 4707 epo:
798 4643 909 4708 hipauis
932 4643 1056 4709 (iupauis
1073 4644 1099 4692 Ε
1117 4651 1143 4693 et
1163 4651 1223 4693 aute
1245 4659 1314 4695 corr.
1333 4645 1365 4709 G)
1389 4660 1406 4694 a
1431 4643 1518 4710 capite

381 4722 467 4775 nara
482 4721 494 4789 1)
511 4727 545 4776 aa
556 4727 605 4775 xn
620 4726 747 4776 ...eux
764 4725 876 4789 (oux
894 4727 951 4793 sn:
969 4731 1007 4778 aa
1024 4728 1111 4779 aas.
