3784 5625
678 672 724 719 nn
748 671 1015 721 assumserunt
1037 674 1106 720 nm.
1131 675 1190 721 vn.
1445 659 1505 724 155

364 825 617 913 expolitionibus
645 835 754 889 autem
783 848 893 892 eorum
910 828 971 897 ,uti
988 828 1056 891 sint
1079 825 1242 911 elegantes
1266 837 1298 893 et
1320 829 1390 895 sine
1412 828 1504 897 vitiis

363 928 406 990 ad
429 936 636 1010 vetustatem,
659 928 844 1017 insequenti
866 928 1032 995 volumine
1054 951 1225 1017 exponam.

629 1236 834 1311 LIBER
875 1236 1231 1313 SEPTIMUS.

330 1439 344 1485 1
379 1504 381 1508 .
448 1422 589 1487 Maiores
622 1444 694 1487 cum
721 1423 885 1512 sapienter
912 1431 981 1486 tum
1010 1424 1108 1488 etiam
1134 1421 1259 1488 utiliter
1284 1422 1505 1507 instituerunt,

363 1545 422 1611 per
444 1515 746 1590 commentariorum
768 1524 943 1589 relationes
973 1527 1115 1609 cogitata
1136 1525 1264 1589 tradere
1285 1526 1440 1614 posteris,
1469 1533 1506 1590 ut
1524 1547 1540 1596 5

365 1647 403 1689 ca
425 1648 492 1691 non
514 1626 685 1692 interirent
707 1626 765 1691 sed
788 1625 925 1712 singulis
948 1625 1110 1691 aetatibus
1133 1627 1312 1692 crescentia
1334 1625 1505 1692 volumini·

364 1726 425 1791 bus
460 1726 549 1792 edita
581 1726 744 1813 gradatim
774 1729 984 1815 pervenirent
1017 1728 1236 1794 vetustatibus
1270 1729 1313 1795 ad
1349 1749 1506 1793 summam

365 1828 586 1893 doctrinarum
601 1829 827 1895 subtilitatem.
864 1831 975 1916 itaque
990 1852 1055 1895 non
1076 1829 1256 1896 mediocres
1279 1830 1338 1896 sed
1359 1830 1507 1895 infinitas
1543 1863 1550 1891 ι

365 1939 440 1995 sunt
466 1931 494 1993 is
521 1931 668 2015 agendae
696 1933 837 2020 gratiae,
866 1931 953 2017 quod
981 1953 1047 1996 non
1072 1932 1236 1998 invidiose
1258 1931 1391 1997 silentes
1413 1953 1505 2023 prae·

363 2033 586 2117 termiserunt,
621 2033 679 2098 sed
713 2035 856 2099 omnium
888 2056 1044 2119 generum
1071 2056 1185 2099 sensus
1213 2034 1506 2124 conscriptionibus
1527 2057 1558 2106 10

330 2149 346 2196 ⁴2
365 2135 537 2200 memoriae
552 2134 728 2200 tradendos
744 2143 950 2201 curaverunt.
986 2157 1126 2225 namque
1140 2137 1168 2201 si
1190 2137 1319 2201 nonita
1340 2135 1506 2217 fecissent,

364 2259 429 2301 non
443 2237 662 2324 potuissemus
685 2239 767 2303 scire
790 2260 872 2328 quae
894 2259 945 2301 res
969 2238 1005 2301 in
1019 2237 1118 2303 Troia
1140 2237 1280 2301 fuissent
1301 2246 1507 2322 gestae,snec

365 2338 444 2425 quid
466 2337 586 2403 Thales
608 2339 816 2405 Democritus
839 2339 1055 2423 Anaxagoras
1077 2337 1297 2425 Xenophanes
1325 2337 1506 2425 reliquique

364 2440 494 2527 physici
517 2442 696 2506 sensissent
719 2441 760 2506 de
781 2462 889 2506 rerum
911 2449 1028 2505 natura
1050 2461 1195 2527 quasque
1217 2438 1366 2504 Socrates
1389 2439 1506 2503 Platon

363 2540 558 2608 Aristoteles
594 2542 708 2607 Zenon
744 2542 906 2630 Epicurus
944 2541 1066 2628 aliique
1103 2539 1289 2630 philosophi
1320 2539 1505 2606 hominibus
1525 2564 1557 2613 15

364 2642 510 2729 agendae
531 2644 619 2707 vitae
640 2644 883 2709 terminationes
905 2644 1054 2708 finissent
1076 2663 1134 2708 seu
1155 2642 1294 2708 Croesus
1316 2639 1506 2706 Alexander

364 2745 486 2810 Darius
515 2746 678 2833 ceterique
705 2766 799 2832 reges
828 2768 907 2833 quas
935 2766 988 2810 res
1010 2753 1067 2809 aut
1089 2744 1207 2833 quibus
1223 2743 1410 2809 rationibus
1432 2765 1505 2830 ges·

365 2849 483 2915 sissent
497 2848 637 2913 fuissent
651 2858 757 2931 notae,
779 2849 844 2912 nisi
865 2848 1006 2913 maiores
1026 2857 1272 2937 praeceptorum
1294 2847 1506 2935 comparatio-

364 2948 461 3013 nibus
484 2950 627 3014 omnium
648 2951 821 3016 memoriae
842 2949 885 3015 ad
906 2951 1130 3036 posteritatem
1152 2949 1390 3015 commentariis
1413 2958 1505 3014 extu-

332 3049 491 3139 alissent.
544 3051 654 3139 itaque
687 3052 960 3140 quemadmodum
997 3051 1048 3117 his
1081 3052 1207 3138 gratiae
1240 3059 1315 3115 sunt
1347 3050 1504 3135 agendae,
1523 3077 1557 3125 20
1630 3039 1639 3063 ⁸

365 3162 478 3218 contra
506 3154 562 3242 qui
591 3175 701 3220 eorum
728 3155 851 3244 scripta
878 3155 1023 3218 furantes
1046 3175 1105 3240 pro
1128 3154 1196 3219 suis
1218 3152 1408 3239 praedicant
1431 3162 1506 3223 sunt

365 3327 594 3339 ...η-μ..-

433 3429 448 3475 1
467 3427 681 3492 expolitionibus
699 3430 750 3477 L0:
774 3429 1008 3494 expoliationibus
1028 3428 1079 3478 GH
1096 3425 1249 3493 (testante
1267 3443 1335 3478 corr.
1354 3426 1399 3490 L).
1420 3423 1432 3494 ll
1458 3443 1506 3478 auv

365 3513 433 3560 tem:
455 3516 547 3563 sante
565 3527 633 3564 corr.
655 3513 676 3562 θ
694 3511 756 3577 (aut
771 3529 852 3578 supro
869 3529 919 3564 scr.
939 3513 993 3576 6⁶).
1015 3509 1027 3580 ΙΙ
1051 3513 1109 3563 uriz
1127 3516 1165 3562 sic
1184 3513 1242 3567 GH.

423 3634 553 3696 *vitruvii
569 3646 642 3697 liber
653 3648 699 3698 VI.
719 3645 823 3711 (sextus
836 3648 870 3712 L)
890 3649 1021 3715 explicit.
1035 3650 1136 3713 incipit
1152 3649 1224 3700 liber
1240 3649 1373 3713 septimus
1386 3646 1458 3711 (VII.
1473 3647 1504 3711 G)

366 3729 418 3778 GH
444 3728 490 3793 (L,
507 3732 627 3795 explicit
647 3731 720 3783 liber
746 3738 838 3784 sextus
859 3734 1101 3798 vitruvii.incipit
1127 3733 1198 3782 liber
1216 3734 1351 3796 septimus
1369 3736 1388 3791 l,
1413 3737 1506 3782 sextus

363 3813 438 3864 liber
454 3813 587 3893 explicit.
601 3816 701 3881 incipit
718 3818 850 3880 septimus
868 3833 888 3876 c,
907 3821 962 3868 sine
980 3819 1018 3867 tit.
1036 3817 1072 3883 t).

433 3933 510 3982 but:
529 3934 567 3982 sic
586 3934 646 3986 GH.
667 3929 680 4000 ΙΙ
703 3934 779 3983 ahia
800 3935 857 3984 GH.
880 3932 892 4000 ΙΙ
917 3937 946 3983 11
965 3936 1005 3984 ita
1028 3935 1124 3985 itatis
1142 3934 1178 3982 Η.
1199 3929 1212 4000 fl
1238 3936 1269 3983 12
1287 3949 1340 3985 nec
1359 3932 1503 3998 quidem:

364 4015 467 4080 nequid
486 4016 543 4067 GH.
560 4012 572 4082 ΙΙ
589 4021 621 4068 13
638 4016 710 4067 tales
720 4024 779 4068 ante
791 4034 860 4069 corr.
874 4020 903 4068 H
914 4027 940 4069 et
952 4021 976 4068 L
990 4017 1029 4082 (l).
1047 4015 1059 4083 ll
1076 4032 1212 4067 anaxoras
1230 4018 1261 4066 ch
1270 4024 1295 4066 et
1307 4026 1366 4067 ante
1378 4033 1447 4069 corr.
1461 4021 1477 4070 t.
1491 4014 1503 4081 ll

365 4101 398 4149 rt
416 4099 578 4165 platon...
597 4117 700 4153 zenon:
719 4103 757 4152 sic
777 4103 834 4153 GH.
855 4097 867 4168 Η
888 4105 919 4152 15
937 4118 1071 4168 epycurns
1092 4103 1121 4152 θ.
1138 4098 1150 4168 ΙΙ
1166 4100 1321 4166 philosophi
1340 4100 1404 4165 (sine
1422 4099 1503 4167 corr.)

366 4184 397 4234 G.
425 4180 437 4250 ΙΙ
466 4186 497 4234 16
520 4183 646 4236 finissent
673 4187 732 4236 GH.
761 4184 773 4251 ΙΙ
801 4201 927 4236 croessus
956 4186 1006 4234 GH
1028 4183 1113 4250 (Lte),
1140 4188 1189 4235 sed
1210 4177 1323 4235 coessds
1350 4192 1409 4235 ante
1435 4200 1503 4234 corr.

365 4268 395 4316 H
413 4265 541 4334 (seuclro
560 4285 636 4320 essue
654 4278 713 4321 ante
731 4286 784 4320 ras.
804 4272 837 4328 (ι’,
857 4268 1051 4333 seuleroessus
1070 4270 1126 4336 60).
1147 4267 1159 4336 ΙΙ
1184 4271 1215 4319 17
1239 4283 1339 4332 quares
1357 4275 1417 4318 ante
1434 4285 1505 4320 corr.

365 4352 402 4402 H.
426 4348 438 4417 ΙΙ
462 4355 494 4403 18
511 4353 631 4404 fuissent
643 4359 725 4405 notae
737 4356 766 4402 H
778 4353 819 4416 (to,
833 4358 916 4402 notae
930 4354 1049 4403 fuissent
1060 4353 1110 4418 L):
1129 4369 1183 4402 non
1196 4353 1315 4408 fuissent
1326 4359 1392 4418 note
1412 4351 1504 4419 (nocta

365 4443 425 4485 ante
443 4437 524 4498 corr.)
544 4437 573 4487 G.
596 4432 609 4502 ΙΙ
631 4443 838 4503 praeceptorem
856 4443 915 4485 ante
932 4452 1001 4486 corr.
1022 4439 1056 4486 H.
1082 4434 1093 4502 ΙΙ
1116 4439 1149 4487 20
1167 4438 1275 4500 itaque:
1295 4439 1339 4488 Ita
1357 4444 1417 4487 ante
1434 4454 1503 4489 corr.

367 4520 396 4569 6.
420 4517 433 4586 ΙΙ
456 4521 572 4586 agendae
583 4559 590 4574 .
601 4528 696 4572 contra
712 4522 750 4570 L:
778 4519 900 4586 agendo.
914 4517 918 4582 Ι
931 4524 1045 4569 econtra
1065 4520 1087 4571 G
1103 4518 1161 4583 (sed
1178 4520 1212 4570 6⁶
1227 4523 1254 4570 in
1267 4524 1320 4584 fine
1342 4530 1430 4572 versus
1444 4529 1506 4587 post

366 4605 473 4670 agenda
496 4606 557 4655 add.
581 4606 646 4670 sic),
671 4604 820 4670 agendaest
842 4609 939 4654 contra
957 4605 987 4653 H
1004 4603 1029 4668 (c
1047 4613 1072 4654 et
1089 4612 1149 4655 ante
1166 4621 1236 4657 corr.
1254 4607 1279 4668 h,
1297 4607 1356 4656 item
1371 4613 1432 4671 post
1452 4608 1501 4670 ips.

365 4738 433 4773 corr.
453 4723 574 4774 lalisio
593 4724 700 4790 agenda
719 4689 750 4774 dli
770 4729 875 4788 contra,
894 4722 1003 4790 agenda
1022 4740 1037 4776 e
1055 4729 1152 4775 contra
1168 4722 1215 4789 11²).
1279 4709 1281 4711 ¹
