3784 5625
411 660 453 723 46
902 673 1060 720 vrrnuvn

412 828 532 891 habent
565 837 597 890 et
631 836 754 891 statuas
788 825 912 912 amplas
947 825 1051 890 factas
1080 824 1211 910 egregie
1239 834 1271 887 et
1299 825 1425 888 minora
1447 823 1560 909 sigilla

410 928 569 1013 floresque
592 938 623 991 et
644 929 799 992 acanthos
823 908 988 1012 eleganter
1010 925 1161 1012 scalptos.
1212 947 1390 1011 quaecum
1413 926 1479 989 sint
1503 948 1559 988 ve·

410 1038 507 1112 tusta,
531 1030 578 1093 sic
593 1039 751 1116 apparent
772 1031 915 1092 recentia
937 1029 986 1091 uti
1009 1029 1037 1091 si
1061 1029 1126 1091 sint
1148 1028 1244 1091 modo
1266 1026 1363 1090 facta.
1407 1050 1475 1091 non
1497 1030 1558 1092 mi-

409 1154 469 1193 nus
503 1131 601 1194 etiam
634 1131 720 1194 fabri
753 1132 870 1194 aerarii
900 1129 941 1192 de
969 1128 1020 1191 his
1048 1128 1235 1215 lapidicinis
1265 1129 1300 1191 in
1326 1130 1412 1192 aeris
1439 1129 1560 1193 flatura

340 1295 352 1301 -
377 1232 523 1297 aformis
546 1234 741 1318 comparatis
764 1231 885 1295 habent
914 1252 958 1297 ex
978 1232 1007 1293 is
1029 1229 1072 1292 ad
1094 1251 1149 1294 aes
1172 1229 1373 1293 fundendum
1396 1232 1559 1295 maximas

408 1331 580 1397 utilitates.
609 1330 708 1418 'quae
725 1333 753 1397 si
775 1354 876 1419 prope
898 1331 1013 1416 urbem
1036 1342 1160 1414 essent,
1189 1331 1326 1416 dignum
1348 1340 1434 1395 esset
1456 1342 1493 1396 ut
1517 1354 1558 1397 ex

408 1433 460 1497 his
494 1434 634 1497 officinis
671 1435 780 1497 omnia
812 1456 910 1520 opera
932 1432 1174 1520 perficerentur.
1226 1455 1301 1496 cum
1324 1454 1400 1517 ergo
1422 1444 1591 1520 proptera

318 1615 323 1624 Ι
409 1536 686 1622 propinquitatem
708 1539 885 1600 necessitas
908 1544 1004 1619 cogat
1019 1556 1067 1598 ex
1082 1535 1203 1598 Rubris
1227 1532 1411 1621 lapidicinis
1436 1545 1468 1599 et
1483 1534 1557 1598 Pal·

409 1636 555 1701 lensibus
584 1646 616 1701 et
644 1660 726 1723 quae
750 1649 824 1702 sunt
845 1636 921 1702 urbi
943 1637 1111 1723 proximae
1134 1637 1237 1722 copiis
1264 1636 1329 1717 uti,
1358 1637 1387 1698 si
1415 1637 1471 1721 qui
1500 1658 1557 1702 vo-

361 1757 392 1805 10
410 1737 508 1802 luerit
524 1740 593 1802 sine
609 1740 700 1802 vitiis
723 1738 893 1825 perficere,
917 1739 964 1801 ita
979 1739 1040 1801 erit
1062 1736 1331 1823 praeparandum
1370 1758 1443 1799 cum
1464 1738 1556 1801 aedi-

410 1838 575 1903 ficandum
608 1839 725 1921 fuerit,
759 1850 835 1904 ante
868 1840 1037 1904 biennium
1070 1862 1122 1924 ea
1141 1862 1221 1903 saxa
1253 1861 1318 1903 non
1357 1838 1464 1902 hieme
1498 1840 1557 1903 sed

343 2001 346 2009 .
410 1950 533 2005 aestate
550 1942 749 2023 eximantur,
774 1951 806 2005 et
820 1942 960 2005 iacentia
975 1950 1185 2027 permaneant
1199 1942 1234 2004 in
1256 1938 1334 2003 locis
1357 1940 1556 2025 patentibus.

412 2064 494 2127 quae
509 2051 618 2105 autem
635 2064 671 2107 eo
687 2041 854 2107 biennioa
875 2042 1124 2129 tempestatibus
1147 2051 1235 2105 tacta
1257 2040 1345 2105 laesa
1359 2041 1495 2124 fuerint,
1520 2064 1558 2105 ea

410 2144 446 2205 in
460 2143 672 2207 fundamenta
694 2144 881 2208 coiciantur.
926 2154 1034 2207 cetera
1056 2165 1138 2229 quae
1160 2153 1341 2210 nonerunt
1362 2142 1492 2226 vitiata,
1514 2143 1557 2207 ab

362 2262 393 2311 15
411 2254 526 2309 natura
551 2267 658 2309 rerum
686 2245 823 2331 probata
850 2246 968 2309 durare
995 2254 1147 2331 poterunt
1175 2267 1274 2332 supra
1299 2254 1420 2316 terram
1442 2246 1556 2309 aedifi-

411 2356 493 2411 cata.
537 2370 597 2412 nec
626 2348 729 2413 solum
757 2369 795 2411 ea
817 2348 851 2410 in
874 2348 1041 2432 quadratis
1064 2346 1229 2433 lapidibus
1252 2356 1327 2410 sunt
1350 2345 1558 2411 observanda

411 2451 587 2514 sedetiam
610 2451 645 2514 in
667 2450 887 2513 caementiciis
910 2450 1093 2513 structuris.

325 2560 391 2609 VIII
495 2551 737 2616 Structurarum
764 2573 884 2635 genera
911 2560 987 2615 sunt
1016 2550 1110 2632 haec,
1144 2550 1350 2615 reticulatum
1379 2572 1442 2635 quo
1469 2561 1588 2615 nuncl

411 2674 520 2717 omnes
542 2662 693 2734 utuntur,
723 2663 754 2716 et
776 2654 944 2737 antiquum
974 2649 1061 2736 quod
1082 2652 1242 2719 incertum
1264 2652 1394 2715 dicitur.
1440 2673 1482 2714 ex
1505 2651 1557 2716 his

360 2768 393 2816 20
412 2754 581 2818 venustius
611 2764 660 2818 est
686 2752 909 2834 reticulatum,
943 2753 1002 2816 sed
1024 2752 1066 2815 ad
1088 2754 1187 2817 rimas
1211 2751 1377 2817 faciendas
1403 2752 1477 2817 ideo
1500 2775 1556 2840 pa-

410 2865 517 2919 ratum
554 2855 641 2940 quod
678 2857 712 2918 in
746 2877 857 2919 omnes
894 2864 1003 2940 partes
1041 2853 1201 2918 dissoluta
1233 2854 1332 2918 habet
1365 2853 1488 2919 cubilia
1525 2865 1557 2918 et

411 2967 613 3040 coagmenta.
658 2957 782 3019 ineerta
812 2978 889 3020 vero
918 2967 1084 3019 caementa
1110 2955 1175 3018 alia
1202 2979 1300 3042 super
1321 2956 1386 3019 alia
1408 2957 1558 3020 sedentia

411 3061 496 3123 inter
523 3079 622 3144 seque
651 3056 823 3120 imbricata
855 3080 920 3122 non
949 3059 1129 3143 speciosam
1163 3057 1221 3121 sed
1256 3058 1430 3129 firmiorem
1459 3080 1557 3144 quam

409 3158 582 3223 reticulata
603 3168 770 3245 praestant
791 3168 997 3223 structuram.
1041 3167 1178 3244 utraque
1204 3169 1314 3224 autem
1342 3181 1384 3223 ex
1405 3161 1590 3224 minutis-2

333 3273 335 3277 ’
361 3275 393 3324 25
412 3263 503 3326 simis
526 3263 610 3326 'sunt
632 3261 840 3341 instruenda,
869 3261 917 3324 uti
939 3262 1075 3323 materia
1088 3327 1091 3330 ,
1104 3260 1261 3324 excalce
1290 3271 1322 3324 et
1343 3261 1465 3325 harena
1488 3284 1556 3326 cre-

412 3363 514 3426 briter
541 3364 682 3449 parietes
711 3363 822 3426 satiati
851 3362 974 3426 diutius
1007 3363 1243 3426 contineantur.
1287 3361 1376 3425 molli
1409 3364 1497 3425 enim
1525 3373 1557 3426 et

410 3455 484 3526 rara
505 3452 666 3550 potestate
688 3471 761 3527 cum
784 3466 860 3545 sint,
884 3466 1052 3528 exsiccant
1075 3465 1220 3547 sugendo
1243 3485 1261 3525 e
1280 3465 1416 3528 materia
1432 3486 1555 3529 sucum.

412 3587 485 3628 cum
513 3575 621 3629 autem
650 3567 811 3650 superarit
839 3575 883 3648 et·
897 3565 1074 3629 abundarit
1102 3565 1194 3650 copia
1224 3564 1321 3630 calcis
1350 3575 1382 3629 et
1404 3565 1554 3649 harenae,

411 3669 518 3753 paries
540 3666 613 3753 plus
635 3665 758 3730 habens
781 3669 902 3733 umoris
925 3689 991 3731 non
1014 3668 1077 3730 cito
1100 3665 1155 3729 fiet
1178 3667 1349 3750 evanidus,
1372 3665 1431 3731 sed
1445 3668 1487 3731 ab
1504 3667 1554 3731 his

478 3962 493 4009 2
512 3959 647 4009 achantos
668 3959 740 4023 GU),
759 3959 914 4009 achanthos
929 3960 956 4009 H
968 3959 1053 4025 (Led).
1077 3956 1089 4026 ll
1112 3959 1236 4024 scalptos
1249 3959 1277 4009 H
1289 3957 1410 4025 (Gchlcb
1430 3959 1553 4025 sculptos

334 4060 337 4068 ·
412 4044 433 4094 G
453 4042 511 4108 (sed
527 4047 553 4095 in
571 4061 650 4110 marg.
671 4045 734 4094 601
753 4044 937 4110 alscalptos).
961 4042 974 4112 ΙΙ
996 4050 1012 4096 3
1031 4049 1096 4095 sunt
1113 4053 1172 4096 ante
1184 4061 1236 4094 ras.
1251 4045 1280 4094 G.
1304 4041 1315 4110 l!
1339 4044 1462 4094 aformis
1481 4059 1553 4094 corn·

409 4129 516 4191 paratis
535 4128 590 4192 (ᾖς
611 4131 712 4179 formas
732 4133 899 4194 conparatas
919 4131 941 4179 G
959 4128 1021 4192 (L),
1046 4131 1141 4180 formis
1165 4134 1330 4194 conparatas
1348 4129 1378 4177 H
1397 4125 1452 4194 (Ic).
1476 4125 1489 4194 ΙΙ
1515 4129 1552 4178 is:

409 4212 453 4261 his
478 4213 537 4261 GH.
566 4210 578 4278 ΙΙ
606 4214 640 4263 ad
659 4213 721 4277 e(ae
740 4223 799 4265 ante
817 4213 1054 4276 rastfundendum
1072 4216 1105 4264 J..
1134 4212 1145 4279 ΙΙ
1173 4214 1384 4264 8Pallensibus
1407 4212 1499 4276 (supra
1525 4230 1552 4276 p.

411 4298 454 4358 44,
474 4299 507 4344 20
526 4297 601 4359 affl:
620 4299 803 4363 palliensibus
828 4299 886 4348 GH.
910 4294 922 4364 ll
951 4299 1007 4347 9si
1024 4300 1070 4362 qui
1088 4300 1116 4347 H
1135 4297 1219 4361 (Ηώς
1238 4299 1261 4347 si
1277 4299 1336 4363 quis
1357 4299 1387 4351 G.
1410 4293 1422 4364 ll
1447 4300 1479 4348 12
1499 4299 1553 4346 cxi-

410 4381 531 4431 miantur
552 4389 611 4431 ante
634 4399 702 4435 corr.
721 4383 756 4435 H.
786 4380 797 4447 {l
827 4385 859 4431 14
882 4384 1029 4432 coniantur
1051 4392 1110 4443 ante
1133 4399 1202 4435 corr.
1227 4384 1402 4445 (coic.=H)
1426 4383 1456 4433 G.
1480 4380 1493 4447 ΙΙ
1520 4384 1552 4431 21

410 4464 514 4515 cubilia
532 4467 561 4514 H
580 4463 663 4528 (Llc):
683 4465 811 4515 cubicula
831 4467 859 4519 G.
881 4464 893 4533 Η
916 4469 949 4516 23
962 4467 1100 4516 inbricata
1118 4468 1147 4515 H
1158 4466 1210 4530 (le).
1234 4464 1245 4533 [l
1268 4467 1388 4516 firmiore
1406 4475 1466 4517 ante
1483 4482 1553 4517 corr.

409 4546 494 4613 (—re)
514 4550 542 4599 G.
568 4546 580 4614 ΙΙ
608 4552 640 4598 25
658 4547 681 4598 dr
699 4548 776 4599 calce
796 4551 828 4600 L.
852 4547 863 4616 ΙΙ
892 4556 920 4601 et
942 4552 1079 4600 inharena
1101 4560 1161 4601 ante
1183 4567 1237 4603 rar.
1262 4553 1292 4602 G.
1316 4548 1328 4617 ll
1351 4552 1472 4602 crebiter
1494 4559 1554 4600 ante

409 4648 479 4682 corr.
498 4634 533 4682 H.
556 4629 568 4698 ΙΙ
591 4633 623 4682 27
643 4633 769 4697 sugenda
786 4642 846 4684 ante
864 4651 932 4686 corr.
953 4638 982 4687 G.
1006 4632 1018 4701 ss
1040 4638 1073 4684 29
1091 4637 1184 4700 paries
1202 4639 1243 4688 ed.
1267 4633 1356 4701 (rec.):
1381 4637 1470 4702 partis
1494 4643 1554 4687 ante

408 4731 476 4765 corr.
498 4717 527 4780 G,
545 4721 638 4780 partes
656 4716 685 4763 H
704 4714 819 4780 (Geato).
