<?xml version="1.0" encoding="UTF-8"?>
<!DOCTYPE html PUBLIC "-//W3C//DTD XHTML 1.0 Transitional//EN"
    "http://www.w3.org/TR/xhtml1/DTD/xhtml1-transitional.dtd">
<html xmlns="http://www.w3.org/1999/xhtml" xml:lang="en" lang="en">
 <head>
  <title>
</title>
<meta http-equiv="Content-Type" content="text/html;charset=utf-8" />
  <meta name='ocr-system' content='tesseract 3.04.00' />
  <meta name='ocr-capabilities' content='ocr_page ocr_carea ocr_par ocr_line ocrx_word'/>
</head>
<body>
  <div class='ocr_page' id='page_1' title='image "./vitruviidearchi01strgoog_0129.png"; bbox 0 0 3784 5625; ppageno 0'>
   <div class='ocr_carea' id='block_1_1' title="bbox 667 632 1473 703">
    <p class='ocr_par' dir='ltr' id='par_1_1' title="bbox 667 632 1473 703">
     <span class='ocr_line' id='line_1_1' title="bbox 667 632 1473 703; baseline 0.002 -5"><span class='ocrx_word' id='word_1_1' title='bbox 667 644 715 698; x_wconf 82' lang='lat' dir='ltr'>na</span> <span class='ocrx_word' id='word_1_2' title='bbox 737 644 1004 699; x_wconf 74' lang='lat' dir='ltr'>uscmrscrum</span> <span class='ocrx_word' id='word_1_3' title='bbox 1027 646 1096 699; x_wconf 84' lang='lat' dir='ltr'>nm.</span> <span class='ocrx_word' id='word_1_4' title='bbox 1120 646 1152 698; x_wconf 79' lang='grc'>1.</span> <span class='ocrx_word' id='word_1_5' title='bbox 1252 698 1257 703; x_wconf 81' lang='grc'><strong>,</strong></span> <span class='ocrx_word' id='word_1_6' title='bbox 1415 632 1473 701; x_wconf 94' lang='grc'>111</span> 
     </span>
    </p>
   </div>
   <div class='ocr_carea' id='block_1_2' title="bbox 295 800 1590 3416">
    <p class='ocr_par' dir='ltr' id='par_1_2' title="bbox 333 800 1475 890">
     <span class='ocr_line' id='line_1_2' title="bbox 333 800 1475 890; baseline 0.002 -22"><span class='ocrx_word' id='word_1_7' title='bbox 333 800 524 868; x_wconf 89' lang='lat' dir='ltr'>continuata</span> <span class='ocrx_word' id='word_1_8' title='bbox 552 825 619 868; x_wconf 86' lang='lat' dir='ltr'>vox</span> <span class='ocrx_word' id='word_1_9' title='bbox 641 825 746 889; x_wconf 87' lang='lat' dir='ltr'>neque</span> <span class='ocrx_word' id='word_1_10' title='bbox 768 804 802 866; x_wconf 92' lang='lat' dir='ltr'>in</span> <span class='ocrx_word' id='word_1_11' title='bbox 824 803 1027 868; x_wconf 90' lang='lat' dir='ltr'>finitionibus</span> <span class='ocrx_word' id='word_1_12' title='bbox 1051 805 1208 869; x_wconf 90' lang='lat' dir='ltr'>consistit</span> <span class='ocrx_word' id='word_1_13' title='bbox 1221 824 1327 890; x_wconf 89' lang='lat' dir='ltr'>neque</span> <span class='ocrx_word' id='word_1_14' title='bbox 1349 805 1383 867; x_wconf 90' lang='lat' dir='ltr'>iu</span> <span class='ocrx_word' id='word_1_15' title='bbox 1404 804 1475 870; x_wconf 88' lang='lat' dir='ltr'>loco</span> 
     </span>
    </p>

    <p class='ocr_par' dir='ltr' id='par_1_3' title="bbox 331 904 1590 1396">
     <span class='ocr_line' id='line_1_3' title="bbox 332 904 1476 991; baseline -0.001 -22"><span class='ocrx_word' id='word_1_16' title='bbox 332 904 399 969; x_wconf 93' lang='lat' dir='ltr'>ullo</span> <span class='ocrx_word' id='word_1_17' title='bbox 411 955 421 986; x_wconf 79' lang='lat'><em>‚</em></span> <span class='ocrx_word' id='word_1_18' title='bbox 458 904 623 990; x_wconf 88' lang='lat' dir='ltr'>efficitque</span> <span class='ocrx_word' id='word_1_19' title='bbox 664 905 909 969; x_wconf 78' lang='lat' dir='ltr'>terminationes</span> <span class='ocrx_word' id='word_1_20' title='bbox 946 927 1011 968; x_wconf 91' lang='lat' dir='ltr'>non</span> <span class='ocrx_word' id='word_1_21' title='bbox 1049 915 1265 991; x_wconf 78' lang='lat' dir='ltr'>apparentes,</span> <span class='ocrx_word' id='word_1_22' title='bbox 1302 905 1476 968; x_wconf 89' lang='lat' dir='ltr'>intervalla</span> 
     </span>
     <span class='ocr_line' id='line_1_4' title="bbox 333 1005 1590 1093; baseline 0 -25"><span class='ocrx_word' id='word_1_23' title='bbox 333 1015 443 1069; x_wconf 91' lang='lat' dir='ltr'>autem</span> <span class='ocrx_word' id='word_1_24' title='bbox 472 1005 580 1069; x_wconf 91' lang='lat' dir='ltr'>media</span> <span class='ocrx_word' id='word_1_25' title='bbox 602 1008 810 1092; x_wconf 79' lang='lat' dir='ltr'>apparentia,</span> <span class='ocrx_word' id='word_1_26' title='bbox 840 1008 889 1069; x_wconf 90' lang='lat' dir='ltr'>uti</span> <span class='ocrx_word' id='word_1_27' title='bbox 913 1027 1061 1069; x_wconf 82' lang='lat' dir='ltr'>sermone</span> <span class='ocrx_word' id='word_1_28' title='bbox 1083 1028 1156 1069; x_wconf 92' lang='lat' dir='ltr'>cum</span> <span class='ocrx_word' id='word_1_29' title='bbox 1179 1006 1325 1069; x_wconf 90' lang='lat' dir='ltr'>dicamus</span> <span class='ocrx_word' id='word_1_30' title='bbox 1348 1005 1396 1070; x_wconf 91' lang='lat' dir='ltr'>sol</span> <span class='ocrx_word' id='word_1_31' title='bbox 1417 1006 1475 1069; x_wconf 83' lang='lat' dir='ltr'>lux</span> <span class='ocrx_word' id='word_1_32' title='bbox 1578 1081 1590 1093; x_wconf 24' lang='grc' dir='ltr'>ἱ</span> 
     </span>
     <span class='ocr_line' id='line_1_5' title="bbox 331 1105 1564 1192; baseline -0.001 -23"><span class='ocrx_word' id='word_1_33' title='bbox 331 1108 391 1171; x_wconf 90' lang='lat' dir='ltr'>flos</span> <span class='ocrx_word' id='word_1_34' title='bbox 407 1129 485 1171; x_wconf 83' lang='lat' dir='ltr'>vox.</span> <span class='ocrx_word' id='word_1_35' title='bbox 529 1129 616 1170; x_wconf 91' lang='lat' dir='ltr'>nunc</span> <span class='ocrx_word' id='word_1_36' title='bbox 639 1107 724 1169; x_wconf 91' lang='lat' dir='ltr'>enim</span> <span class='ocrx_word' id='word_1_37' title='bbox 746 1129 807 1170; x_wconf 91' lang='lat' dir='ltr'>nec</span> <span class='ocrx_word' id='word_1_38' title='bbox 830 1105 917 1170; x_wconf 76' lang='lat' dir='ltr'>smde</span> <span class='ocrx_word' id='word_1_39' title='bbox 939 1108 1055 1192; x_wconf 86' lang='lat' dir='ltr'>incipit</span> <span class='ocrx_word' id='word_1_40' title='bbox 1076 1129 1137 1169; x_wconf 91' lang='lat' dir='ltr'>nec</span> <span class='ocrx_word' id='word_1_41' title='bbox 1158 1107 1216 1171; x_wconf 91' lang='lat' dir='ltr'>ubi</span> <span class='ocrx_word' id='word_1_42' title='bbox 1239 1107 1360 1170; x_wconf 86' lang='lat' dir='ltr'>desinit</span> <span class='ocrx_word' id='word_1_43' title='bbox 1381 1106 1475 1170; x_wconf 87' lang='lat' dir='ltr'>intel·</span> <span class='ocrx_word' id='word_1_44' title='bbox 1534 1153 1564 1168; x_wconf 82' lang='lat'>-.</span> 
     </span>
     <span class='ocr_line' id='line_1_6' title="bbox 331 1206 1509 1293; baseline 0.002 -23"><span class='ocrx_word' id='word_1_45' title='bbox 331 1207 469 1292; x_wconf 83' lang='lat' dir='ltr'>legitur,</span> <span class='ocrx_word' id='word_1_46' title='bbox 492 1229 553 1270; x_wconf 90' lang='lat' dir='ltr'>nec</span> <span class='ocrx_word' id='word_1_47' title='bbox 568 1230 651 1293; x_wconf 92' lang='lat' dir='ltr'>quae</span> <span class='ocrx_word' id='word_1_48' title='bbox 672 1230 715 1271; x_wconf 83' lang='lat' dir='ltr'>ex</span> <span class='ocrx_word' id='word_1_49' title='bbox 736 1217 834 1271; x_wconf 88' lang='lat' dir='ltr'>acuta</span> <span class='ocrx_word' id='word_1_50' title='bbox 855 1206 947 1270; x_wconf 85' lang='lat' dir='ltr'>facta·</span> <span class='ocrx_word' id='word_1_51' title='bbox 966 1217 1014 1271; x_wconf 90' lang='lat' dir='ltr'>est</span> <span class='ocrx_word' id='word_1_52' title='bbox 1036 1209 1164 1291; x_wconf 83' lang='lat' dir='ltr'>gravis,</span> <span class='ocrx_word' id='word_1_53' title='bbox 1188 1229 1231 1271; x_wconf 85' lang='lat' dir='ltr'>ex</span> <span class='ocrx_word' id='word_1_54' title='bbox 1251 1211 1346 1292; x_wconf 86' lang='lat' dir='ltr'>gravi</span> <span class='ocrx_word' id='word_1_55' title='bbox 1368 1217 1474 1290; x_wconf 78' lang='lat' dir='ltr'>acuta,</span> <span class='ocrx_word' id='word_1_56' title='bbox 1493 1226 1509 1272; x_wconf 82' lang='lat'>5</span> 
     </span>
     <span class='ocr_line' id='line_1_7' title="bbox 332 1308 1474 1396; baseline 0 -25"><span class='ocrx_word' id='word_1_57' title='bbox 332 1319 469 1396; x_wconf 89' lang='lat' dir='ltr'>apparet</span> <span class='ocrx_word' id='word_1_58' title='bbox 499 1308 645 1373; x_wconf 87' lang='lat' dir='ltr'>auribus.</span> <span class='ocrx_word' id='word_1_59' title='bbox 690 1331 748 1395; x_wconf 89' lang='lat' dir='ltr'>per</span> <span class='ocrx_word' id='word_1_60' title='bbox 780 1309 973 1372; x_wconf 84' lang='lat' dir='ltr'>distantiam</span> <span class='ocrx_word' id='word_1_61' title='bbox 1000 1318 1109 1371; x_wconf 90' lang='lat' dir='ltr'>autem</span> <span class='ocrx_word' id='word_1_62' title='bbox 1132 1330 1149 1370; x_wconf 95' lang='lat' dir='ltr'>e</span> <span class='ocrx_word' id='word_1_63' title='bbox 1171 1311 1342 1373; x_wconf 89' lang='lat' dir='ltr'>contrario.</span> <span class='ocrx_word' id='word_1_64' title='bbox 1385 1331 1474 1371; x_wconf 91' lang='lat' dir='ltr'>nam-</span> 
     </span>
    </p>

    <p class='ocr_par' dir='ltr' id='par_1_4' title="bbox 331 1409 1475 1699">
     <span class='ocr_line' id='line_1_8' title="bbox 334 1409 1474 1495; baseline 0.001 -23"><span class='ocrx_word' id='word_1_65' title='bbox 334 1432 396 1495; x_wconf 90' lang='lat' dir='ltr'>que</span> <span class='ocrx_word' id='word_1_66' title='bbox 425 1431 500 1473; x_wconf 92' lang='lat' dir='ltr'>cum</span> <span class='ocrx_word' id='word_1_67' title='bbox 521 1410 664 1473; x_wconf 88' lang='lat' dir='ltr'>flectitur</span> <span class='ocrx_word' id='word_1_68' title='bbox 670 1459 679 1492; x_wconf 83' lang='lat'><em>‚</em></span> <span class='ocrx_word' id='word_1_69' title='bbox 708 1411 742 1473; x_wconf 94' lang='lat' dir='ltr'>in</span> <span class='ocrx_word' id='word_1_70' title='bbox 769 1411 949 1473; x_wconf 88' lang='lat' dir='ltr'>mutatione</span> <span class='ocrx_word' id='word_1_71' title='bbox 977 1431 1044 1472; x_wconf 83' lang='lat' dir='ltr'>vox</span> <span class='ocrx_word' id='word_1_72' title='bbox 1070 1412 1185 1473; x_wconf 89' lang='lat' dir='ltr'>statuit</span> <span class='ocrx_word' id='word_1_73' title='bbox 1212 1432 1247 1472; x_wconf 91' lang='lat' dir='ltr'>se</span> <span class='ocrx_word' id='word_1_74' title='bbox 1274 1412 1310 1473; x_wconf 93' lang='lat' dir='ltr'>in</span> <span class='ocrx_word' id='word_1_75' title='bbox 1336 1409 1474 1474; x_wconf 88' lang='lat' dir='ltr'>alicuius</span> 
     </span>
     <span class='ocr_line' id='line_1_9' title="bbox 333 1508 1475 1591; baseline -0.002 -16"><span class='ocrx_word' id='word_1_76' title='bbox 333 1512 458 1576; x_wconf 91' lang='lat' dir='ltr'>sonitus</span> <span class='ocrx_word' id='word_1_77' title='bbox 474 1510 665 1590; x_wconf 85' lang='lat' dir='ltr'>finitionem,</span> <span class='ocrx_word' id='word_1_78' title='bbox 690 1510 808 1575; x_wconf 88' lang='lat' dir='ltr'>deinde</span> <span class='ocrx_word' id='word_1_79' title='bbox 823 1512 857 1574; x_wconf 94' lang='lat' dir='ltr'>in</span> <span class='ocrx_word' id='word_1_80' title='bbox 871 1508 1023 1591; x_wconf 82' lang='lat' dir='ltr'>alterius,</span> <span class='ocrx_word' id='word_1_81' title='bbox 1048 1521 1079 1574; x_wconf 89' lang='lat' dir='ltr'>et</span> <span class='ocrx_word' id='word_1_82' title='bbox 1094 1510 1129 1573; x_wconf 91' lang='lat' dir='ltr'>id</span> <span class='ocrx_word' id='word_1_83' title='bbox 1150 1509 1235 1575; x_wconf 93' lang='lat' dir='ltr'>ultro</span> <span class='ocrx_word' id='word_1_84' title='bbox 1258 1512 1339 1574; x_wconf 88' lang='lat' dir='ltr'>citro</span> <span class='ocrx_word' id='word_1_85' title='bbox 1362 1510 1475 1574; x_wconf 84' lang='lat' dir='ltr'>crebre</span> 
     </span>
     <span class='ocr_line' id='line_1_10' title="bbox 331 1611 1474 1699; baseline 0 -25"><span class='ocrx_word' id='word_1_86' title='bbox 331 1611 485 1675; x_wconf 89' lang='lat' dir='ltr'>faciendo</span> <span class='ocrx_word' id='word_1_87' title='bbox 523 1613 711 1675; x_wconf 79' lang='lat' dir='ltr'>inconstans</span> <span class='ocrx_word' id='word_1_88' title='bbox 745 1614 881 1699; x_wconf 89' lang='lat' dir='ltr'>apparet</span> <span class='ocrx_word' id='word_1_89' title='bbox 914 1611 1086 1694; x_wconf 74' lang='lat' dir='ltr'>sensibuS,</span> <span class='ocrx_word' id='word_1_90' title='bbox 1121 1614 1171 1674; x_wconf 88' lang='lat' dir='ltr'>uti</span> <span class='ocrx_word' id='word_1_91' title='bbox 1205 1613 1239 1674; x_wconf 89' lang='lat' dir='ltr'>in</span> <span class='ocrx_word' id='word_1_92' title='bbox 1268 1611 1474 1694; x_wconf 88' lang='lat' dir='ltr'>cantionibus</span> 
     </span>
    </p>

    <p class='ocr_par' dir='ltr' id='par_1_5' title="bbox 295 1711 1578 2081">
     <span class='ocr_line' id='line_1_11' title="bbox 295 1711 1578 1797; baseline -0.002 -21"><span class='ocrx_word' id='word_1_93' title='bbox 295 1769 299 1776; x_wconf 91' lang='lat'>.</span> <span class='ocrx_word' id='word_1_94' title='bbox 334 1735 408 1776; x_wconf 90' lang='lat' dir='ltr'>cum</span> <span class='ocrx_word' id='word_1_95' title='bbox 430 1712 598 1776; x_wconf 88' lang='lat' dir='ltr'>flectentes</span> <span class='ocrx_word' id='word_1_96' title='bbox 614 1734 729 1776; x_wconf 89' lang='lat' dir='ltr'>vocem</span> <span class='ocrx_word' id='word_1_97' title='bbox 746 1714 944 1776; x_wconf 71' lang='lat' dir='ltr'>uarietatem</span> <span class='ocrx_word' id='word_1_98' title='bbox 967 1711 1105 1775; x_wconf 89' lang='lat' dir='ltr'>facimus</span> <span class='ocrx_word' id='word_1_99' title='bbox 1126 1711 1370 1776; x_wconf 88' lang='lat' dir='ltr'>modulationis.</span> <span class='ocrx_word' id='word_1_100' title='bbox 1414 1713 1526 1774; x_wconf 88' lang='lat' dir='ltr'>ita-10</span> <span class='ocrx_word' id='word_1_101' title='bbox 1570 1788 1578 1797; x_wconf 23' lang='lat'>⁸</span> 
     </span>
     <span class='ocr_line' id='line_1_12' title="bbox 334 1813 1476 1899; baseline -0.001 -22"><span class='ocrx_word' id='word_1_102' title='bbox 334 1836 396 1899; x_wconf 89' lang='lat' dir='ltr'>que</span> <span class='ocrx_word' id='word_1_103' title='bbox 426 1813 608 1878; x_wconf 83' lang='lat' dir='ltr'>intervallis</span> <span class='ocrx_word' id='word_1_104' title='bbox 639 1836 676 1877; x_wconf 90' lang='lat' dir='ltr'>ea</span> <span class='ocrx_word' id='word_1_105' title='bbox 709 1836 783 1877; x_wconf 90' lang='lat' dir='ltr'>cum</span> <span class='ocrx_word' id='word_1_106' title='bbox 810 1823 977 1897; x_wconf 80' lang='lat' dir='ltr'>versatur,</span> <span class='ocrx_word' id='word_1_107' title='bbox 1007 1822 1040 1876; x_wconf 95' lang='lat' dir='ltr'>et</span> <span class='ocrx_word' id='word_1_108' title='bbox 1066 1813 1154 1876; x_wconf 92' lang='lat' dir='ltr'>unde</span> <span class='ocrx_word' id='word_1_109' title='bbox 1180 1815 1310 1878; x_wconf 90' lang='lat' dir='ltr'>initium</span> <span class='ocrx_word' id='word_1_110' title='bbox 1337 1813 1416 1877; x_wconf 84' lang='lat' dir='ltr'>fecit</span> <span class='ocrx_word' id='word_1_111' title='bbox 1444 1823 1476 1876; x_wconf 94' lang='lat' dir='ltr'>et</span> 
     </span>
     <span class='ocr_line' id='line_1_13' title="bbox 333 1912 1497 2002; baseline 0 -25"><span class='ocrx_word' id='word_1_112' title='bbox 333 1915 393 1979; x_wconf 93' lang='lat' dir='ltr'>ubi</span> <span class='ocrx_word' id='word_1_113' title='bbox 421 1914 520 1978; x_wconf 88' lang='lat' dir='ltr'>desiit</span> <span class='ocrx_word' id='word_1_114' title='bbox 547 1923 684 2002; x_wconf 91' lang='lat' dir='ltr'>apparet</span> <span class='ocrx_word' id='word_1_115' title='bbox 711 1915 745 1977; x_wconf 92' lang='lat' dir='ltr'>in</span> <span class='ocrx_word' id='word_1_116' title='bbox 773 1937 925 1980; x_wconf 89' lang='lat' dir='ltr'>sonorum</span> <span class='ocrx_word' id='word_1_117' title='bbox 946 1914 1135 2001; x_wconf 89' lang='lat' dir='ltr'>patentibus</span> <span class='ocrx_word' id='word_1_118' title='bbox 1157 1912 1380 1998; x_wconf 86' lang='lat' dir='ltr'>finitionibus,</span> <span class='ocrx_word' id='word_1_119' title='bbox 1409 1934 1497 1977; x_wconf 87' lang='lat' dir='ltr'>me-·</span> 
     </span>
     <span class='ocr_line' id='line_1_14' title="bbox 333 2015 1176 2081; baseline 0 -2"><span class='ocrx_word' id='word_1_120' title='bbox 333 2016 432 2079; x_wconf 90' lang='lat' dir='ltr'>diana</span> <span class='ocrx_word' id='word_1_121' title='bbox 454 2026 564 2080; x_wconf 90' lang='lat' dir='ltr'>autem</span> <span class='ocrx_word' id='word_1_122' title='bbox 586 2015 723 2079; x_wconf 89' lang='lat' dir='ltr'>latentia</span> <span class='ocrx_word' id='word_1_123' title='bbox 744 2015 927 2079; x_wconf 88' lang='lat' dir='ltr'>intervallis</span> <span class='ocrx_word' id='word_1_124' title='bbox 950 2017 1176 2081; x_wconf 85' lang='lat' dir='ltr'>obscurantur.</span> 
     </span>
    </p>

    <p class='ocr_par' dir='ltr' id='par_1_6' title="bbox 299 2116 1525 3416">
     <span class='ocr_line' id='line_1_15' title="bbox 299 2116 1475 2205; baseline -0.001 -24"><span class='ocrx_word' id='word_1_125' title='bbox 299 2133 315 2181; x_wconf 85' lang='lat'><strong>3</strong></span> <span class='ocrx_word' id='word_1_126' title='bbox 419 2116 549 2181; x_wconf 76' lang='lat' dir='ltr'>Genera</span> <span class='ocrx_word' id='word_1_127' title='bbox 587 2139 665 2181; x_wconf 90' lang='lat' dir='ltr'>vero</span> <span class='ocrx_word' id='word_1_128' title='bbox 704 2127 780 2181; x_wconf 89' lang='lat' dir='ltr'>sunt</span> <span class='ocrx_word' id='word_1_129' title='bbox 806 2116 1066 2182; x_wconf 89' lang='lat' dir='ltr'>modulationum</span> <span class='ocrx_word' id='word_1_130' title='bbox 1098 2120 1177 2201; x_wconf 81' lang='lat' dir='ltr'>tria,</span> <span class='ocrx_word' id='word_1_131' title='bbox 1216 2120 1356 2205; x_wconf 89' lang='lat' dir='ltr'>primum</span> <span class='ocrx_word' id='word_1_132' title='bbox 1388 2116 1475 2204; x_wconf 93' lang='lat' dir='ltr'>quod</span> 
     </span>
     <span class='ocr_line' id='line_1_16' title="bbox 336 2217 1524 2302; baseline -0.003 -19"><span class='ocrx_word' id='word_1_133' title='bbox 336 2217 458 2283; x_wconf 80' lang='lat' dir='ltr'>Graeci</span> <span class='ocrx_word' id='word_1_134' title='bbox 479 2219 649 2283; x_wconf 90' lang='lat' dir='ltr'>nominant</span> <span class='ocrx_word' id='word_1_135' title='bbox 676 2241 858 2301; x_wconf 79' lang='grc' dir='ltr'><strong><em>αρμονιαν,</em></strong></span> <span class='ocrx_word' id='word_1_136' title='bbox 883 2220 1061 2283; x_wconf 89' lang='lat' dir='ltr'>secundum</span> <span class='ocrx_word' id='word_1_137' title='bbox 1084 2242 1212 2302; x_wconf 82' lang='grc' dir='ltr'><em>χρωμα,</em></span> <span class='ocrx_word' id='word_1_138' title='bbox 1240 2220 1375 2284; x_wconf 88' lang='lat' dir='ltr'>tertium</span> <span class='ocrx_word' id='word_1_139' title='bbox 1397 2220 1472 2281; x_wconf 81' lang='grc'><strong>1111-</strong></span> <span class='ocrx_word' id='word_1_140' title='bbox 1493 2234 1524 2280; x_wconf 77' lang='lat'>15</span> 
     </span>
     <span class='ocr_line' id='line_1_17' title="bbox 333 2318 1473 2405; baseline -0.001 -23"><span class='ocrx_word' id='word_1_141' title='bbox 333 2342 446 2383; x_wconf 84' lang='grc' dir='ltr'><strong><em>τονον.</em></strong></span> <span class='ocrx_word' id='word_1_142' title='bbox 497 2330 545 2383; x_wconf 93' lang='lat' dir='ltr'>est</span> <span class='ocrx_word' id='word_1_143' title='bbox 572 2328 681 2383; x_wconf 90' lang='lat' dir='ltr'>autem</span> <span class='ocrx_word' id='word_1_144' title='bbox 707 2318 898 2383; x_wconf 88' lang='lat' dir='ltr'>harmoniae</span> <span class='ocrx_word' id='word_1_145' title='bbox 923 2319 1105 2384; x_wconf 90' lang='lat' dir='ltr'>modulatio</span> <span class='ocrx_word' id='word_1_146' title='bbox 1134 2320 1176 2382; x_wconf 93' lang='lat' dir='ltr'>ab</span> <span class='ocrx_word' id='word_1_147' title='bbox 1208 2329 1278 2384; x_wconf 91' lang='lat' dir='ltr'>arte</span> <span class='ocrx_word' id='word_1_148' title='bbox 1305 2329 1473 2405; x_wconf 75' lang='lat' dir='ltr'>concepta,</span> 
     </span>
     <span class='ocr_line' id='line_1_18' title="bbox 334 2420 1475 2505; baseline 0 -23"><span class='ocrx_word' id='word_1_149' title='bbox 334 2429 366 2483; x_wconf 91' lang='lat' dir='ltr'>et</span> <span class='ocrx_word' id='word_1_150' title='bbox 401 2441 439 2482; x_wconf 90' lang='lat' dir='ltr'>ea</span> <span class='ocrx_word' id='word_1_151' title='bbox 471 2442 506 2484; x_wconf 89' lang='lat' dir='ltr'>re</span> <span class='ocrx_word' id='word_1_152' title='bbox 539 2423 647 2485; x_wconf 91' lang='lat' dir='ltr'>cantio</span> <span class='ocrx_word' id='word_1_153' title='bbox 681 2422 750 2484; x_wconf 88' lang='lat' dir='ltr'>eius</span> <span class='ocrx_word' id='word_1_154' title='bbox 784 2422 927 2483; x_wconf 87' lang='lat' dir='ltr'>maxime</span> <span class='ocrx_word' id='word_1_155' title='bbox 961 2443 1096 2505; x_wconf 81' lang='lat' dir='ltr'>gravem</span> <span class='ocrx_word' id='word_1_156' title='bbox 1124 2430 1156 2482; x_wconf 91' lang='lat' dir='ltr'>et</span> <span class='ocrx_word' id='word_1_157' title='bbox 1184 2421 1348 2505; x_wconf 84' lang='lat' dir='ltr'>egregiam</span> <span class='ocrx_word' id='word_1_158' title='bbox 1375 2420 1475 2483; x_wconf 91' lang='lat' dir='ltr'>habet</span> 
     </span>
     <span class='ocr_line' id='line_1_19' title="bbox 333 2520 1472 2587; baseline 0.002 -4"><span class='ocrx_word' id='word_1_159' title='bbox 333 2522 571 2586; x_wconf 90' lang='lat' dir='ltr'>auctoritatem.</span> <span class='ocrx_word' id='word_1_160' title='bbox 615 2523 747 2587; x_wconf 90' lang='lat' dir='ltr'>chroma</span> <span class='ocrx_word' id='word_1_161' title='bbox 762 2521 876 2586; x_wconf 90' lang='lat' dir='ltr'>subtili</span> <span class='ocrx_word' id='word_1_162' title='bbox 899 2520 1044 2585; x_wconf 87' lang='lat' dir='ltr'>sollertia</span> <span class='ocrx_word' id='word_1_163' title='bbox 1071 2543 1109 2585; x_wconf 92' lang='lat' dir='ltr'>ac</span> <span class='ocrx_word' id='word_1_164' title='bbox 1132 2521 1304 2585; x_wconf 89' lang='lat' dir='ltr'>crebritate</span> <span class='ocrx_word' id='word_1_165' title='bbox 1326 2520 1472 2586; x_wconf 91' lang='lat' dir='ltr'>modulo-</span> 
     </span>
     <span class='ocr_line' id='line_1_20' title="bbox 331 2622 1472 2708; baseline 0 -23"><span class='ocrx_word' id='word_1_166' title='bbox 331 2645 404 2685; x_wconf 91' lang='lat' dir='ltr'>rum</span> <span class='ocrx_word' id='word_1_167' title='bbox 427 2625 611 2689; x_wconf 88' lang='lat' dir='ltr'>suaviorem</span> <span class='ocrx_word' id='word_1_168' title='bbox 633 2623 732 2687; x_wconf 89' lang='lat' dir='ltr'>habet</span> <span class='ocrx_word' id='word_1_169' title='bbox 754 2622 1015 2688; x_wconf 89' lang='lat' dir='ltr'>delectationem.</span> <span class='ocrx_word' id='word_1_170' title='bbox 1059 2624 1185 2686; x_wconf 92' lang='lat' dir='ltr'>diatoni</span> <span class='ocrx_word' id='word_1_171' title='bbox 1206 2644 1285 2686; x_wconf 88' lang='lat' dir='ltr'>vero</span> <span class='ocrx_word' id='word_1_172' title='bbox 1307 2622 1395 2708; x_wconf 92' lang='lat' dir='ltr'>quod</span> <span class='ocrx_word' id='word_1_173' title='bbox 1416 2644 1472 2685; x_wconf 86' lang='lat' dir='ltr'>na-</span> 
     </span>
     <span class='ocr_line' id='line_1_21' title="bbox 331 2711 1525 2807; baseline 0.001 -21"><span class='ocrx_word' id='word_1_174' title='bbox 331 2722 447 2787; x_wconf 89' lang='lat' dir='ltr'>turalis</span> <span class='ocrx_word' id='word_1_175' title='bbox 464 2734 523 2807; x_wconf 87' lang='lat' dir='ltr'>est,</span> <span class='ocrx_word' id='word_1_176' title='bbox 546 2723 674 2789; x_wconf 81' lang='lat' dir='ltr'>facilior</span> <span class='ocrx_word' id='word_1_177' title='bbox 689 2733 738 2788; x_wconf 90' lang='lat' dir='ltr'>est</span> <span class='ocrx_word' id='word_1_178' title='bbox 759 2711 1005 2788; x_wconf 84' lang='lat' dir='ltr'>intervallorum</span> <span class='ocrx_word' id='word_1_179' title='bbox 1028 2725 1194 2789; x_wconf 88' lang='lat' dir='ltr'>distantia.</span> <span class='ocrx_word' id='word_1_180' title='bbox 1238 2726 1274 2788; x_wconf 90' lang='lat' dir='ltr'>in</span> <span class='ocrx_word' id='word_1_181' title='bbox 1294 2724 1345 2787; x_wconf 92' lang='lat' dir='ltr'>his</span> <span class='ocrx_word' id='word_1_182' title='bbox 1368 2724 1473 2788; x_wconf 90' lang='lat' dir='ltr'>tribus</span> <span class='ocrx_word' id='word_1_183' title='bbox 1492 2739 1525 2787; x_wconf 74' lang='lat'>20</span> 
     </span>
     <span class='ocr_line' id='line_1_22' title="bbox 332 2825 1474 2913; baseline 0.002 -25"><span class='ocrx_word' id='word_1_184' title='bbox 332 2826 509 2910; x_wconf 88' lang='lat' dir='ltr'>generibus</span> <span class='ocrx_word' id='word_1_185' title='bbox 525 2825 701 2891; x_wconf 87' lang='lat' dir='ltr'>dissimiles</span> <span class='ocrx_word' id='word_1_186' title='bbox 718 2836 795 2890; x_wconf 89' lang='lat' dir='ltr'>sunt</span> <span class='ocrx_word' id='word_1_187' title='bbox 817 2827 1097 2892; x_wconf 85' lang='lat' dir='ltr'>tetrachordorum</span> <span class='ocrx_word' id='word_1_188' title='bbox 1120 2827 1363 2913; x_wconf 79' lang='lat' dir='ltr'>dispositiones,</span> <span class='ocrx_word' id='word_1_189' title='bbox 1387 2827 1474 2912; x_wconf 90' lang='lat' dir='ltr'>quod</span> 
     </span>
     <span class='ocr_line' id='line_1_23' title="bbox 315 2927 1473 2992; baseline 0 -2"><span class='ocrx_word' id='word_1_190' title='bbox 315 2927 502 2992; x_wconf 73' lang='lat' dir='ltr'>”harmonia</span> <span class='ocrx_word' id='word_1_191' title='bbox 516 2927 758 2992; x_wconf 85' lang='lat' dir='ltr'>tetrachordum</span> <span class='ocrx_word' id='word_1_192' title='bbox 781 2936 813 2990; x_wconf 94' lang='lat' dir='ltr'>et</span> <span class='ocrx_word' id='word_1_193' title='bbox 834 2937 927 2992; x_wconf 91' lang='lat' dir='ltr'>tonos</span> <span class='ocrx_word' id='word_1_194' title='bbox 951 2938 984 2991; x_wconf 89' lang='lat' dir='ltr'>et</span> <span class='ocrx_word' id='word_1_195' title='bbox 1006 2928 1113 2992; x_wconf 91' lang='lat' dir='ltr'>dieses</span> <span class='ocrx_word' id='word_1_196' title='bbox 1135 2927 1235 2991; x_wconf 89' lang='lat' dir='ltr'>habet</span> <span class='ocrx_word' id='word_1_197' title='bbox 1256 2928 1362 2992; x_wconf 90' lang='lat' dir='ltr'>binas.</span> <span class='ocrx_word' id='word_1_198' title='bbox 1406 2927 1473 2991; x_wconf 91' lang='lat' dir='ltr'>die-</span> 
     </span>
     <span class='ocr_line' id='line_1_24' title="bbox 333 3017 1473 3115; baseline 0 -24"><span class='ocrx_word' id='word_1_199' title='bbox 333 3031 383 3092; x_wconf 86' lang='lat' dir='ltr'>sis</span> <span class='ocrx_word' id='word_1_200' title='bbox 400 3039 509 3104; x_wconf 87' lang='lat' dir='ltr'>autem</span> <span class='ocrx_word' id='word_1_201' title='bbox 525 3023 575 3093; x_wconf 89' lang='lat' dir='ltr'>est</span> <span class='ocrx_word' id='word_1_202' title='bbox 597 3029 665 3092; x_wconf 91' lang='lat' dir='ltr'>toni</span> <span class='ocrx_word' id='word_1_203' title='bbox 687 3023 762 3114; x_wconf 81' lang='lat' dir='ltr'>pars</span> <span class='ocrx_word' id='word_1_204' title='bbox 786 3039 912 3115; x_wconf 87' lang='lat' dir='ltr'>quarta,</span> <span class='ocrx_word' id='word_1_205' title='bbox 935 3031 983 3093; x_wconf 89' lang='lat' dir='ltr'>ita</span> <span class='ocrx_word' id='word_1_206' title='bbox 1004 3032 1039 3093; x_wconf 91' lang='lat' dir='ltr'>in</span> <span class='ocrx_word' id='word_1_207' title='bbox 1060 3017 1237 3094; x_wconf 88' lang='lat' dir='ltr'>hemitonio</span> <span class='ocrx_word' id='word_1_208' title='bbox 1260 3030 1344 3094; x_wconf 90' lang='lat' dir='ltr'>duae</span> <span class='ocrx_word' id='word_1_209' title='bbox 1367 3029 1473 3092; x_wconf 90' lang='lat' dir='ltr'>dieses</span> 
     </span>
     <span class='ocr_line' id='line_1_25' title="bbox 332 3129 1474 3196; baseline -0.001 -3"><span class='ocrx_word' id='word_1_210' title='bbox 332 3140 409 3193; x_wconf 92' lang='lat' dir='ltr'>sunt</span> <span class='ocrx_word' id='word_1_211' title='bbox 443 3130 639 3195; x_wconf 90' lang='lat' dir='ltr'>conlocatae.</span> <span class='ocrx_word' id='word_1_212' title='bbox 695 3129 853 3194; x_wconf 90' lang='lat' dir='ltr'>chromati</span> <span class='ocrx_word' id='word_1_213' title='bbox 886 3132 950 3196; x_wconf 91' lang='lat' dir='ltr'>duo</span> <span class='ocrx_word' id='word_1_214' title='bbox 983 3131 1162 3196; x_wconf 90' lang='lat' dir='ltr'>hemitonia</span> <span class='ocrx_word' id='word_1_215' title='bbox 1194 3133 1229 3193; x_wconf 91' lang='lat' dir='ltr'>in</span> <span class='ocrx_word' id='word_1_216' title='bbox 1256 3131 1370 3195; x_wconf 91' lang='lat' dir='ltr'>ordine</span> <span class='ocrx_word' id='word_1_217' title='bbox 1397 3141 1474 3193; x_wconf 89' lang='lat' dir='ltr'>sunt</span> 
     </span>
     <span class='ocr_line' id='line_1_26' title="bbox 332 3221 1524 3317; baseline -0.002 -22"><span class='ocrx_word' id='word_1_218' title='bbox 332 3232 523 3317; x_wconf 81' lang='lat' dir='ltr'>composita,</span> <span class='ocrx_word' id='word_1_219' title='bbox 545 3233 678 3295; x_wconf 89' lang='lat' dir='ltr'>tertium</span> <span class='ocrx_word' id='word_1_220' title='bbox 694 3233 793 3294; x_wconf 91' lang='lat' dir='ltr'>trium</span> <span class='ocrx_word' id='word_1_221' title='bbox 808 3221 1058 3295; x_wconf 86' lang='lat' dir='ltr'>hemitoniorum</span> <span class='ocrx_word' id='word_1_222' title='bbox 1072 3241 1130 3295; x_wconf 81' lang='lat' dir='ltr'>est</span> <span class='ocrx_word' id='word_1_223' title='bbox 1151 3230 1369 3294; x_wconf 83' lang='lat' dir='ltr'>intervallum.</span> <span class='ocrx_word' id='word_1_224' title='bbox 1386 3304 1388 3307; x_wconf 23' lang='lat'>¹</span> <span class='ocrx_word' id='word_1_225' title='bbox 1407 3232 1473 3294; x_wconf 91' lang='lat' dir='ltr'>dia·</span> <span class='ocrx_word' id='word_1_226' title='bbox 1491 3246 1524 3294; x_wconf 76' lang='lat'>25</span> 
     </span>
     <span class='ocr_line' id='line_1_27' title="bbox 331 3331 1472 3416; baseline -0.001 -20"><span class='ocrx_word' id='word_1_227' title='bbox 331 3342 408 3398; x_wconf 90' lang='lat' dir='ltr'>tono</span> <span class='ocrx_word' id='word_1_228' title='bbox 430 3333 501 3397; x_wconf 91' lang='lat' dir='ltr'>toni</span> <span class='ocrx_word' id='word_1_229' title='bbox 529 3333 594 3397; x_wconf 90' lang='lat' dir='ltr'>duo</span> <span class='ocrx_word' id='word_1_230' title='bbox 622 3342 698 3396; x_wconf 91' lang='lat' dir='ltr'>sunt</span> <span class='ocrx_word' id='word_1_231' title='bbox 721 3334 917 3416; x_wconf 84' lang='lat' dir='ltr'>continuati,</span> <span class='ocrx_word' id='word_1_232' title='bbox 941 3335 1076 3397; x_wconf 89' lang='lat' dir='ltr'>tertium</span> <span class='ocrx_word' id='word_1_233' title='bbox 1097 3333 1311 3398; x_wconf 89' lang='lat' dir='ltr'>hemitonium</span> <span class='ocrx_word' id='word_1_234' title='bbox 1332 3331 1404 3395; x_wconf 88' lang='lat' dir='ltr'>finit</span> <span class='ocrx_word' id='word_1_235' title='bbox 1425 3342 1472 3395; x_wconf 87' lang='lat' dir='ltr'>te-</span> 
     </span>
    </p>
   </div>
   <div class='ocr_carea' id='block_1_3' title="bbox 327 3483 1560 4749">
    <p class='ocr_par' dir='ltr' id='par_1_7' title="bbox 327 3483 1560 4749">
     <span class='ocr_line' id='line_1_28' title="bbox 399 3483 1472 3556; baseline -0.001 -18"><span class='ocrx_word' id='word_1_236' title='bbox 399 3491 415 3538; x_wconf 92' lang='grc'>2</span> <span class='ocrx_word' id='word_1_237' title='bbox 434 3488 600 3553; x_wconf 86' lang='lat' dir='ltr'>apparentia</span> <span class='ocrx_word' id='word_1_238' title='bbox 618 3505 677 3552; x_wconf 70' lang='lat' dir='ltr'>epo:</span> <span class='ocrx_word' id='word_1_239' title='bbox 696 3489 824 3553; x_wconf 87' lang='lat' dir='ltr'>parentia</span> <span class='ocrx_word' id='word_1_240' title='bbox 844 3490 902 3539; x_wconf 80' lang='lat' dir='ltr'>GH.</span> <span class='ocrx_word' id='word_1_241' title='bbox 924 3486 1077 3554; x_wconf 88' lang='lat' dir='ltr'>[parientia</span> <span class='ocrx_word' id='word_1_242' title='bbox 1093 3487 1132 3556; x_wconf 75' lang='lat' dir='ltr'>s].</span> <span class='ocrx_word' id='word_1_243' title='bbox 1155 3486 1167 3556; x_wconf 76' lang='lat' dir='ltr'>l]</span> <span class='ocrx_word' id='word_1_244' title='bbox 1190 3483 1472 3553; x_wconf 60' lang='grc'><strong>4111111161111</strong></span> 
     </span>
     <span class='ocr_line' id='line_1_29' title="bbox 332 3573 1475 3657; baseline 0 -19"><span class='ocrx_word' id='word_1_245' title='bbox 332 3591 348 3638; x_wconf 82' lang='lat'>5</span> <span class='ocrx_word' id='word_1_246' title='bbox 365 3604 415 3639; x_wconf 88' lang='lat' dir='ltr'>nec</span> <span class='ocrx_word' id='word_1_247' title='bbox 436 3574 510 3654; x_wconf 73' lang='lat' dir='ltr'>quae</span> <span class='ocrx_word' id='word_1_248' title='bbox 525 3591 604 3642; x_wconf 72' lang='lat' dir='ltr'>Lea:</span> <span class='ocrx_word' id='word_1_249' title='bbox 623 3589 672 3639; x_wconf 89' lang='lat' dir='ltr'>sed</span> <span class='ocrx_word' id='word_1_250' title='bbox 691 3589 757 3652; x_wconf 89' lang='lat' dir='ltr'>quid</span> <span class='ocrx_word' id='word_1_251' title='bbox 777 3590 799 3639; x_wconf 85' lang='lat' dir='ltr'><em>G</em></span> <span class='ocrx_word' id='word_1_252' title='bbox 817 3573 893 3657; x_wconf 70' lang='lat' dir='ltr'>(quid</span> <span class='ocrx_word' id='word_1_253' title='bbox 913 3589 971 3654; x_wconf 72' lang='lat'>(1⁸0),</span> <span class='ocrx_word' id='word_1_254' title='bbox 995 3591 1045 3640; x_wconf 88' lang='lat' dir='ltr'>sed</span> <span class='ocrx_word' id='word_1_255' title='bbox 1064 3591 1135 3656; x_wconf 88' lang='lat' dir='ltr'>quod</span> <span class='ocrx_word' id='word_1_256' title='bbox 1152 3591 1182 3639; x_wconf 98' lang='lat' dir='ltr'><em>H</em></span> <span class='ocrx_word' id='word_1_257' title='bbox 1200 3588 1279 3656; x_wconf 76' lang='lat' dir='ltr'>(lde).</span> <span class='ocrx_word' id='word_1_258' title='bbox 1302 3587 1314 3657; x_wconf 78' lang='lat' dir='ltr'>ll</span> <span class='ocrx_word' id='word_1_259' title='bbox 1336 3592 1352 3641; x_wconf 83' lang='lat'><em>8</em></span> <span class='ocrx_word' id='word_1_260' title='bbox 1374 3588 1475 3639; x_wconf 90' lang='lat' dir='ltr'>finitio·</span> 
     </span>
     <span class='ocr_line' id='line_1_30' title="bbox 331 3669 1474 3741; baseline 0 -19"><span class='ocrx_word' id='word_1_261' title='bbox 331 3688 394 3722; x_wconf 89' lang='lat' dir='ltr'>nem</span> <span class='ocrx_word' id='word_1_262' title='bbox 412 3669 492 3738; x_wconf 76' lang='lat' dir='ltr'>(—-ne</span> <span class='ocrx_word' id='word_1_263' title='bbox 506 3674 538 3736; x_wconf 86' lang='lat' dir='ltr'>G)</span> <span class='ocrx_word' id='word_1_264' title='bbox 559 3674 617 3734; x_wconf 84' lang='lat' dir='ltr'>GH,</span> <span class='ocrx_word' id='word_1_265' title='bbox 635 3673 760 3723; x_wconf 86' lang='lat' dir='ltr'>finitione</span> <span class='ocrx_word' id='word_1_266' title='bbox 779 3673 856 3727; x_wconf 71' lang='lat' dir='ltr'>Scin.</span> <span class='ocrx_word' id='word_1_267' title='bbox 872 3670 886 3741; x_wconf 81' lang='lat' dir='ltr'>ll</span> <span class='ocrx_word' id='word_1_268' title='bbox 902 3674 996 3724; x_wconf 88' lang='lat' dir='ltr'>crebre</span> <span class='ocrx_word' id='word_1_269' title='bbox 1015 3676 1044 3723; x_wconf 89' lang='lat' dir='ltr'><em>H</em></span> <span class='ocrx_word' id='word_1_270' title='bbox 1063 3674 1131 3738; x_wconf 73' lang='lat' dir='ltr'>(toz</span> <span class='ocrx_word' id='word_1_271' title='bbox 1151 3675 1247 3724; x_wconf 89' lang='lat' dir='ltr'>crebro</span> <span class='ocrx_word' id='word_1_272' title='bbox 1268 3674 1387 3737; x_wconf 71' lang='lat' dir='ltr'>Gtultra</span> <span class='ocrx_word' id='word_1_273' title='bbox 1404 3675 1474 3722; x_wconf 90' lang='lat' dir='ltr'>citra</span> 
     </span>
     <span class='ocr_line' id='line_1_31' title="bbox 333 3748 1475 3823; baseline 0 -17"><span class='ocrx_word' id='word_1_274' title='bbox 333 3757 432 3807; x_wconf 85' lang='lat' dir='ltr'>erebro</span> <span class='ocrx_word' id='word_1_275' title='bbox 450 3757 500 3819; x_wconf 75' lang='lat' dir='ltr'>cll).</span> <span class='ocrx_word' id='word_1_276' title='bbox 522 3748 535 3823; x_wconf 76' lang='lat' dir='ltr'>{l</span> <span class='ocrx_word' id='word_1_277' title='bbox 558 3760 838 3808; x_wconf 62' lang='lat' dir='ltr'>manusteneas:</span> <span class='ocrx_word' id='word_1_278' title='bbox 861 3763 994 3809; x_wconf 87' lang='lat' dir='ltr'>constans</span> <span class='ocrx_word' id='word_1_279' title='bbox 1014 3758 1071 3808; x_wconf 80' lang='lat' dir='ltr'>GH.</span> <span class='ocrx_word' id='word_1_280' title='bbox 1095 3754 1106 3823; x_wconf 86' lang='grc' dir='ltr'>ΙΙ</span> <span class='ocrx_word' id='word_1_281' title='bbox 1131 3761 1163 3807; x_wconf 88' lang='grc'>10</span> <span class='ocrx_word' id='word_1_282' title='bbox 1181 3773 1242 3806; x_wconf 92' lang='lat' dir='ltr'>cum</span> <span class='ocrx_word' id='word_1_283' title='bbox 1260 3759 1405 3809; x_wconf 90' lang='lat' dir='ltr'>flectentes</span> <span class='ocrx_word' id='word_1_284' title='bbox 1424 3758 1475 3807; x_wconf 81' lang='lat' dir='ltr'>GH</span> 
     </span>
     <span class='ocr_line' id='line_1_32' title="bbox 333 3837 1474 3908; baseline 0 -18"><span class='ocrx_word' id='word_1_285' title='bbox 333 3840 448 3903; x_wconf 87' lang='lat' dir='ltr'>(circum</span> <span class='ocrx_word' id='word_1_286' title='bbox 466 3840 612 3892; x_wconf 88' lang='lat' dir='ltr'>flectentes</span> <span class='ocrx_word' id='word_1_287' title='bbox 632 3840 685 3905; x_wconf 82' lang='lat'>6⁶).</span> <span class='ocrx_word' id='word_1_288' title='bbox 701 3837 713 3907; x_wconf 83' lang='grc' dir='ltr'>ΙΙ</span> <span class='ocrx_word' id='word_1_289' title='bbox 732 3845 762 3891; x_wconf 94' lang='grc'>11</span> <span class='ocrx_word' id='word_1_290' title='bbox 781 3843 951 3893; x_wconf 84' lang='lat' dir='ltr'>intervalles</span> <span class='ocrx_word' id='word_1_291' title='bbox 969 3844 1004 3892; x_wconf 91' lang='lat' dir='ltr'>H.</span> <span class='ocrx_word' id='word_1_292' title='bbox 1029 3839 1040 3908; x_wconf 81' lang='grc' dir='ltr'>Η</span> <span class='ocrx_word' id='word_1_293' title='bbox 1064 3845 1096 3892; x_wconf 91' lang='grc'>13</span> <span class='ocrx_word' id='word_1_294' title='bbox 1114 3842 1231 3891; x_wconf 89' lang='lat' dir='ltr'>latentia</span> <span class='ocrx_word' id='word_1_295' title='bbox 1243 3843 1328 3891; x_wconf 58' lang='lat' dir='ltr'>Mara</span> <span class='ocrx_word' id='word_1_296' title='bbox 1348 3842 1474 3906; x_wconf 85' lang='lat' dir='ltr'>potentia</span> 
     </span>
     <span class='ocr_line' id='line_1_33' title="bbox 331 3921 1560 3992; baseline -0.001 -18"><span class='ocrx_word' id='word_1_297' title='bbox 331 3933 394 3974; x_wconf 83' lang='lat' dir='ltr'>ante</span> <span class='ocrx_word' id='word_1_298' title='bbox 412 3941 483 3976; x_wconf 72' lang='lat' dir='ltr'>corr.</span> <span class='ocrx_word' id='word_1_299' title='bbox 503 3927 531 3984; x_wconf 77' lang='lat' dir='ltr'>G,</span> <span class='ocrx_word' id='word_1_300' title='bbox 550 3927 677 3992; x_wconf 86' lang='lat' dir='ltr'>patentia</span> <span class='ocrx_word' id='word_1_301' title='bbox 695 3927 724 3974; x_wconf 89' lang='lat' dir='ltr'><em>H</em></span> <span class='ocrx_word' id='word_1_302' title='bbox 742 3923 858 3990; x_wconf 69' lang='lat' dir='ltr'>(cecla).</span> <span class='ocrx_word' id='word_1_303' title='bbox 882 3923 894 3992; x_wconf 77' lang='lat' dir='ltr'>[l</span> <span class='ocrx_word' id='word_1_304' title='bbox 917 3929 950 3976; x_wconf 83' lang='lat'>15</span> <span class='ocrx_word' id='word_1_305' title='bbox 969 3927 1120 3976; x_wconf 88' lang='lat' dir='ltr'>armoniam</span> <span class='ocrx_word' id='word_1_306' title='bbox 1139 3922 1199 3987; x_wconf 80' lang='grc'><strong>(-1’1</strong></span> <span class='ocrx_word' id='word_1_307' title='bbox 1218 3926 1250 3986; x_wconf 81' lang='lat'>6)</span> <span class='ocrx_word' id='word_1_308' title='bbox 1270 3926 1328 3975; x_wconf 85' lang='lat' dir='ltr'>GH.</span> <span class='ocrx_word' id='word_1_309' title='bbox 1340 3921 1353 3991; x_wconf 82' lang='grc' dir='ltr'>ΙΙ</span> <span class='ocrx_word' id='word_1_310' title='bbox 1364 3925 1474 3974; x_wconf 88' lang='lat' dir='ltr'>chroma</span> <span class='ocrx_word' id='word_1_311' title='bbox 1557 3981 1560 3984; x_wconf 51' lang='lat'>.</span> 
     </span>
     <span class='ocr_line' id='line_1_34' title="bbox 333 4005 1474 4076; baseline 0 -18"><span class='ocrx_word' id='word_1_312' title='bbox 333 4010 391 4061; x_wconf 82' lang='lat' dir='ltr'>GH.</span> <span class='ocrx_word' id='word_1_313' title='bbox 415 4005 427 4075; x_wconf 89' lang='grc' dir='ltr'>ΙΙ</span> <span class='ocrx_word' id='word_1_314' title='bbox 451 4010 583 4061; x_wconf 84' lang='lat' dir='ltr'>diatonon</span> <span class='ocrx_word' id='word_1_315' title='bbox 602 4010 660 4064; x_wconf 84' lang='lat' dir='ltr'>GH.</span> <span class='ocrx_word' id='word_1_316' title='bbox 688 4006 700 4076; x_wconf 81' lang='grc' dir='ltr'>ΙΙ</span> <span class='ocrx_word' id='word_1_317' title='bbox 729 4012 761 4060; x_wconf 85' lang='grc'>16</span> <span class='ocrx_word' id='word_1_318' title='bbox 785 4011 820 4061; x_wconf 86' lang='lat' dir='ltr'>ad</span> <span class='ocrx_word' id='word_1_319' title='bbox 838 4015 898 4061; x_wconf 90' lang='lat' dir='ltr'>arte</span> <span class='ocrx_word' id='word_1_320' title='bbox 920 4012 950 4059; x_wconf 89' lang='lat' dir='ltr'><em>H</em></span> <span class='ocrx_word' id='word_1_321' title='bbox 973 4009 1071 4074; x_wconf 77' lang='lat' dir='ltr'>(solus).</span> <span class='ocrx_word' id='word_1_322' title='bbox 1095 4006 1107 4075; x_wconf 82' lang='grc' dir='ltr'>ΙΙ</span> <span class='ocrx_word' id='word_1_323' title='bbox 1130 4011 1245 4059; x_wconf 83' lang='grc'><strong>171111</strong></span> <span class='ocrx_word' id='word_1_324' title='bbox 1269 4005 1345 4072; x_wconf 76' lang='lat' dir='ltr'>(—re</span> <span class='ocrx_word' id='word_1_325' title='bbox 1369 4009 1403 4057; x_wconf 76' lang='lat'>60</span> <span class='ocrx_word' id='word_1_326' title='bbox 1420 4025 1474 4058; x_wconf 85' lang='lat' dir='ltr'>cum</span> 
     </span>
     <span class='ocr_line' id='line_1_35' title="bbox 331 4091 1474 4158; baseline 0 -17"><span class='ocrx_word' id='word_1_327' title='bbox 331 4091 415 4157; x_wconf 80' lang='lat' dir='ltr'>apice)</span> <span class='ocrx_word' id='word_1_328' title='bbox 435 4095 529 4144; x_wconf 87' lang='lat' dir='ltr'>cantio</span> <span class='ocrx_word' id='word_1_329' title='bbox 549 4096 583 4154; x_wconf 77' lang='lat' dir='ltr'>G,</span> <span class='ocrx_word' id='word_1_330' title='bbox 608 4111 642 4145; x_wconf 86' lang='lat' dir='ltr'>ea</span> <span class='ocrx_word' id='word_1_331' title='bbox 665 4095 787 4145; x_wconf 88' lang='lat' dir='ltr'>recantio</span> <span class='ocrx_word' id='word_1_332' title='bbox 805 4096 834 4144; x_wconf 94' lang='lat' dir='ltr'><em>H</em></span> <span class='ocrx_word' id='word_1_333' title='bbox 857 4093 900 4158; x_wconf 84' lang='lat' dir='ltr'>(L,</span> <span class='ocrx_word' id='word_1_334' title='bbox 921 4110 955 4144; x_wconf 91' lang='lat' dir='ltr'>ea</span> <span class='ocrx_word' id='word_1_335' title='bbox 973 4110 1002 4144; x_wconf 91' lang='lat' dir='ltr'>re</span> <span class='ocrx_word' id='word_1_336' title='bbox 1024 4100 1090 4148; x_wconf 83' lang='lat' dir='ltr'>trem</span> <span class='ocrx_word' id='word_1_337' title='bbox 1109 4100 1168 4142; x_wconf 81' lang='lat' dir='ltr'>ante</span> <span class='ocrx_word' id='word_1_338' title='bbox 1190 4107 1244 4141; x_wconf 83' lang='lat' dir='ltr'>ras.</span> <span class='ocrx_word' id='word_1_339' title='bbox 1262 4098 1285 4146; x_wconf 84' lang='lat' dir='ltr'>c)</span> <span class='ocrx_word' id='word_1_340' title='bbox 1309 4093 1433 4141; x_wconf 86' lang='lat' dir='ltr'>cantatio</span> <span class='ocrx_word' id='word_1_341' title='bbox 1451 4096 1474 4141; x_wconf 84' lang='lat' dir='ltr'>lc</span> 
     </span>
     <span class='ocr_line' id='line_1_36' title="bbox 333 4171 1474 4243; baseline -0.002 -16"><span class='ocrx_word' id='word_1_342' title='bbox 333 4173 394 4243; x_wconf 84' lang='lat' dir='ltr'>[o]).</span> <span class='ocrx_word' id='word_1_343' title='bbox 423 4174 435 4243; x_wconf 82' lang='grc'>11</span> <span class='ocrx_word' id='word_1_344' title='bbox 463 4180 496 4228; x_wconf 90' lang='grc'>22</span> <span class='ocrx_word' id='word_1_345' title='bbox 518 4177 727 4229; x_wconf 80' lang='lat' dir='ltr'>tetrachordum</span> <span class='ocrx_word' id='word_1_346' title='bbox 749 4178 881 4232; x_wconf 71' lang='lat' dir='ltr'>Mallem:</span> <span class='ocrx_word' id='word_1_347' title='bbox 908 4177 1143 4228; x_wconf 83' lang='lat' dir='ltr'>tetrachordorum</span> <span class='ocrx_word' id='word_1_348' title='bbox 1168 4174 1211 4238; x_wconf 81' lang='grc'><strong>(111</strong></span> <span class='ocrx_word' id='word_1_349' title='bbox 1235 4176 1266 4237; x_wconf 76' lang='grc' dir='ltr'>(ι’)</span> <span class='ocrx_word' id='word_1_350' title='bbox 1291 4171 1389 4241; x_wconf 30' lang='grc'><strong>611111</strong></span> <span class='ocrx_word' id='word_1_351' title='bbox 1417 4175 1474 4225; x_wconf 89' lang='lat' dir='ltr'>die·</span> 
     </span>
     <span class='ocr_line' id='line_1_37' title="bbox 331 4254 1473 4327; baseline -0.001 -17"><span class='ocrx_word' id='word_1_352' title='bbox 331 4276 377 4310; x_wconf 90' lang='lat' dir='ltr'>ses</span> <span class='ocrx_word' id='word_1_353' title='bbox 397 4261 444 4311; x_wconf 74' lang='lat'>6⁶:</span> <span class='ocrx_word' id='word_1_354' title='bbox 470 4262 572 4313; x_wconf 88' lang='lat' dir='ltr'>diheris</span> <span class='ocrx_word' id='word_1_355' title='bbox 594 4261 656 4327; x_wconf 80' lang='lat' dir='ltr'>(sic)</span> <span class='ocrx_word' id='word_1_356' title='bbox 681 4270 739 4313; x_wconf 79' lang='lat' dir='ltr'>unte</span> <span class='ocrx_word' id='word_1_357' title='bbox 767 4278 834 4314; x_wconf 83' lang='lat' dir='ltr'>corr.</span> <span class='ocrx_word' id='word_1_358' title='bbox 864 4262 898 4320; x_wconf 84' lang='lat' dir='ltr'>G,</span> <span class='ocrx_word' id='word_1_359' title='bbox 916 4262 1018 4311; x_wconf 87' lang='lat' dir='ltr'>dihesis</span> <span class='ocrx_word' id='word_1_360' title='bbox 1043 4262 1074 4309; x_wconf 90' lang='lat' dir='ltr'><em>H</em></span> <span class='ocrx_word' id='word_1_361' title='bbox 1099 4259 1176 4323; x_wconf 84' lang='lat' dir='ltr'>(Llc).</span> <span class='ocrx_word' id='word_1_362' title='bbox 1200 4254 1214 4324; x_wconf 81' lang='lat' dir='ltr'>ss</span> <span class='ocrx_word' id='word_1_363' title='bbox 1237 4258 1322 4308; x_wconf 88' lang='lat' dir='ltr'>diesis</span> <span class='ocrx_word' id='word_1_364' title='bbox 1350 4261 1400 4309; x_wconf 84' lang='lat' dir='ltr'>GH</span> <span class='ocrx_word' id='word_1_365' title='bbox 1426 4259 1473 4322; x_wconf 84' lang='lat' dir='ltr'>(lc.</span> 
     </span>
     <span class='ocr_line' id='line_1_38' title="bbox 331 4337 1471 4412; baseline -0.003 -17"><span class='ocrx_word' id='word_1_366' title='bbox 331 4345 436 4396; x_wconf 86' lang='lat' dir='ltr'>dihesis</span> <span class='ocrx_word' id='word_1_367' title='bbox 453 4345 498 4409; x_wconf 83' lang='lat' dir='ltr'>L).</span> <span class='ocrx_word' id='word_1_368' title='bbox 521 4343 533 4412; x_wconf 85' lang='grc' dir='ltr'>ΙΙ</span> <span class='ocrx_word' id='word_1_369' title='bbox 556 4349 588 4398; x_wconf 81' lang='grc'>23</span> <span class='ocrx_word' id='word_1_370' title='bbox 605 4347 756 4397; x_wconf 85' lang='lat' dir='ltr'>hemitonio</span> <span class='ocrx_word' id='word_1_371' title='bbox 777 4346 797 4395; x_wconf 83' lang='lat' dir='ltr'><em>G</em></span> <span class='ocrx_word' id='word_1_372' title='bbox 815 4341 894 4409; x_wconf 62' lang='lat' dir='ltr'>(cct):</span> <span class='ocrx_word' id='word_1_373' title='bbox 921 4337 1073 4394; x_wconf 82' lang='lat' dir='ltr'>heminotic</span> <span class='ocrx_word' id='word_1_374' title='bbox 1098 4345 1125 4392; x_wconf 95' lang='lat' dir='ltr'><em>H</em></span> <span class='ocrx_word' id='word_1_375' title='bbox 1143 4342 1178 4403; x_wconf 83' lang='lat' dir='ltr'>(et</span> <span class='ocrx_word' id='word_1_376' title='bbox 1196 4352 1255 4392; x_wconf 84' lang='lat' dir='ltr'>ante</span> <span class='ocrx_word' id='word_1_377' title='bbox 1273 4359 1342 4395; x_wconf 80' lang='lat' dir='ltr'>corr.</span> <span class='ocrx_word' id='word_1_378' title='bbox 1360 4360 1374 4392; x_wconf 89' lang='lat' dir='ltr'>c</span> <span class='ocrx_word' id='word_1_379' title='bbox 1394 4339 1471 4408; x_wconf 66' lang='grc'><strong>[1].11</strong></span> 
     </span>
     <span class='ocr_line' id='line_1_39' title="bbox 331 4418 1474 4492; baseline -0.003 -13"><span class='ocrx_word' id='word_1_380' title='bbox 331 4430 423 4480; x_wconf 84' lang='lat' dir='ltr'>dieses</span> <span class='ocrx_word' id='word_1_381' title='bbox 438 4431 486 4480; x_wconf 58' lang='grc' dir='ltr'>θῦε</span> <span class='ocrx_word' id='word_1_382' title='bbox 506 4429 610 4481; x_wconf 87' lang='lat' dir='ltr'>dihesis</span> <span class='ocrx_word' id='word_1_383' title='bbox 628 4439 687 4480; x_wconf 82' lang='lat' dir='ltr'>ante</span> <span class='ocrx_word' id='word_1_384' title='bbox 705 4446 773 4482; x_wconf 85' lang='lat' dir='ltr'>corr.</span> <span class='ocrx_word' id='word_1_385' title='bbox 794 4430 827 4492; x_wconf 81' lang='lat' dir='ltr'>H,</span> <span class='ocrx_word' id='word_1_386' title='bbox 851 4428 933 4477; x_wconf 87' lang='lat' dir='ltr'>diesis</span> <span class='ocrx_word' id='word_1_387' title='bbox 952 4429 983 4477; x_wconf 90' lang='lat' dir='ltr'><em>H</em></span> <span class='ocrx_word' id='word_1_388' title='bbox 998 4425 1079 4492; x_wconf 83' lang='lat' dir='ltr'>(Llc).</span> <span class='ocrx_word' id='word_1_389' title='bbox 1102 4424 1114 4492; x_wconf 79' lang='lat' dir='ltr'>ll</span> <span class='ocrx_word' id='word_1_390' title='bbox 1136 4428 1170 4476; x_wconf 82' lang='grc'>24</span> <span class='ocrx_word' id='word_1_391' title='bbox 1192 4426 1340 4476; x_wconf 87' lang='lat' dir='ltr'>chromati:</span> <span class='ocrx_word' id='word_1_392' title='bbox 1362 4429 1400 4477; x_wconf 83' lang='lat' dir='ltr'>sic</span> <span class='ocrx_word' id='word_1_393' title='bbox 1414 4418 1474 4476; x_wconf 81' lang='lat' dir='ltr'>&#39;GH</span> 
     </span>
     <span class='ocr_line' id='line_1_40' title="bbox 331 4510 1471 4581; baseline -0.004 -17"><span class='ocrx_word' id='word_1_394' title='bbox 331 4512 390 4579; x_wconf 79' lang='lat' dir='ltr'><em>(LI,</em></span> <span class='ocrx_word' id='word_1_395' title='bbox 415 4516 532 4564; x_wconf 87' lang='lat' dir='ltr'>cromati</span> <span class='ocrx_word' id='word_1_396' title='bbox 553 4514 604 4580; x_wconf 73' lang='lat' dir='ltr'>cle).</span> <span class='ocrx_word' id='word_1_397' title='bbox 625 4512 637 4581; x_wconf 78' lang='grc' dir='ltr'>Η</span> <span class='ocrx_word' id='word_1_398' title='bbox 660 4514 823 4565; x_wconf 79' lang='grc'><strong>2111111110</strong></span> <span class='ocrx_word' id='word_1_399' title='bbox 843 4513 983 4563; x_wconf 81' lang='lat' dir='ltr'>toniLor.</span> <span class='ocrx_word' id='word_1_400' title='bbox 1003 4510 1073 4573; x_wconf 91' lang='lat' dir='ltr'>(toni</span> <span class='ocrx_word' id='word_1_401' title='bbox 1092 4518 1152 4575; x_wconf 82' lang='lat' dir='ltr'>post</span> <span class='ocrx_word' id='word_1_402' title='bbox 1175 4511 1330 4560; x_wconf 87' lang='lat' dir='ltr'>continuati</span> <span class='ocrx_word' id='word_1_403' title='bbox 1346 4512 1410 4560; x_wconf 82' lang='lat' dir='ltr'>cdd.</span> <span class='ocrx_word' id='word_1_404' title='bbox 1431 4513 1471 4560; x_wconf 84' lang='lat' dir='ltr'>ed.</span> 
     </span>
     <span class='ocr_line' id='line_1_41' title="bbox 334 4595 1471 4662; baseline -0.002 -14"><span class='ocrx_word' id='word_1_405' title='bbox 334 4599 426 4662; x_wconf 82' lang='lat' dir='ltr'>Ven.):</span> <span class='ocrx_word' id='word_1_406' title='bbox 458 4599 566 4650; x_wconf 87' lang='lat' dir='ltr'>diatoni</span> <span class='ocrx_word' id='word_1_407' title='bbox 594 4600 644 4649; x_wconf 84' lang='lat' dir='ltr'>GH</span> <span class='ocrx_word' id='word_1_408' title='bbox 672 4597 790 4662; x_wconf 90' lang='lat' dir='ltr'>(diatoni</span> <span class='ocrx_word' id='word_1_409' title='bbox 816 4601 880 4647; x_wconf 91' lang='lat' dir='ltr'>sunt</span> <span class='ocrx_word' id='word_1_410' title='bbox 905 4598 947 4660; x_wconf 87' lang='lat' dir='ltr'>H,</span> <span class='ocrx_word' id='word_1_411' title='bbox 976 4612 1022 4647; x_wconf 85' lang='lat' dir='ltr'>cm.</span> <span class='ocrx_word' id='word_1_412' title='bbox 1046 4595 1098 4646; x_wconf 89' lang='lat' dir='ltr'>duo</span> <span class='ocrx_word' id='word_1_413' title='bbox 1125 4598 1194 4661; x_wconf 83' lang='lat' dir='ltr'>quod</span> <span class='ocrx_word' id='word_1_414' title='bbox 1220 4599 1288 4646; x_wconf 79' lang='lat' dir='ltr'>inter</span> <span class='ocrx_word' id='word_1_415' title='bbox 1316 4597 1358 4648; x_wconf 81' lang='lat' dir='ltr'>tin.</span> <span class='ocrx_word' id='word_1_416' title='bbox 1387 4599 1471 4662; x_wconf 80' lang='lat' dir='ltr'>suppl.</span> 
     </span>
     <span class='ocr_line' id='line_1_42' title="bbox 327 4680 491 4749; baseline -0.012 -17"><span class='ocrx_word' id='word_1_417' title='bbox 327 4699 372 4748; x_wconf 80' lang='lat' dir='ltr'>pr.</span> <span class='ocrx_word' id='word_1_418' title='bbox 390 4700 421 4733; x_wconf 90' lang='lat' dir='ltr'>m.</span> <span class='ocrx_word' id='word_1_419' title='bbox 440 4680 491 4749; x_wconf 88' lang='lat' dir='ltr'>H).</span> 
     </span>
    </p>
   </div>
   <div class='ocr_carea' id='block_1_4' title="bbox 0 0 1896 5625">
    <p class='ocr_par' dir='ltr' id='par_1_8' title="bbox 0 0 1896 5625">
     <span class='ocr_line' id='line_1_43' title="bbox 0 0 1896 5625; baseline 0 1"><span class='ocrx_word' id='word_1_420' title='bbox 0 0 1896 5625; x_wconf 95' lang='lat' dir='ltr'> </span> 
     </span>
    </p>
   </div>
  </div>
 </body>
</html>
