3784 5625
689 653 736 700 nn
759 650 1027 700 Anourrrcrunn
1049 651 1117 699 ms.
1141 652 1176 698 x,
1442 634 1505 699 255

363 808 461 871 linem
485 807 589 870 centri
610 814 853 893 promoventur,
876 813 1026 891 premunt
1049 826 1122 866 eum
1144 802 1250 867 locum
1264 803 1307 866 ad
1322 825 1419 890 quem
1433 826 1505 890 pro-

363 912 437 998 pius
460 915 676 988 accesserunt,
701 906 974 994 quemadmodum
988 908 1023 969 in
1038 915 1160 970 statera
1173 906 1313 992 pondus,
1336 927 1409 968 cum
1431 928 1506 968 exa-

330 1013 452 1076 8mine
479 1009 689 1098 progreditur
717 1008 759 1072 ad
791 1008 873 1073 fines
905 1007 1186 1095 ponderationum.
1236 1007 1349 1070 eadem
1382 1008 1507 1070 ratione

363 1116 519 1196 iumenta,
543 1134 615 1175 cum
643 1112 720 1195 iuga
743 1132 853 1175 eorum
886 1110 1048 1194 subiugiis
1077 1108 1154 1174 loris
1176 1130 1235 1195 per
1260 1109 1404 1172 medium
1426 1119 1506 1171 tem-

363 1223 530 1301 perantur,
553 1211 731 1299 aequaliter
754 1211 888 1277 trahunt
909 1234 1016 1277 onera.
1055 1234 1128 1275 cum
1149 1221 1258 1275 autern
1279 1213 1409 1297 inpares
1432 1217 1541 1273 sunta

365 1338 475 1381 eorum
504 1316 644 1379 virtutes
674 1324 706 1378 et
734 1336 833 1377 unum
861 1312 933 1401 plus
958 1313 1097 1377 valendo
1119 1314 1238 1400 premit
1259 1311 1408 1393 alterurn,
1439 1310 1507 1374 loro

364 1419 501 1482 traiecto
523 1416 560 1481 fit
582 1439 647 1480 una
669 1438 745 1502 pars
761 1416 830 1501 iugi
850 1415 996 1502 longior,.
1011 1438 1094 1503 quae
1116 1414 1312 1479 inbecilliori
1331 1412 1508 1477 auxiliatur

364 1522 520 1583 iumento.
565 1521 612 1582 ita
639 1520 673 1582 in
695 1516 866 1604 phalangis
895 1527 927 1581 et
949 1517 1036 1603 iugis
1059 1540 1133 1581 cum
1161 1519 1196 1581 in
1222 1516 1330 1580 medio
1352 1514 1422 1579 lora
1443 1536 1507 1578 non

364 1630 440 1685 sunt
463 1620 629 1684 conlocata
652 1620 710 1683 sed
732 1620 767 1683 in
788 1641 853 1682 una
874 1630 983 1706 parte,
1013 1642 1077 1706 qua
1103 1617 1311 1705 progreditur
1338 1617 1443 1682 lorum
1465 1614 1507 1679 ab

364 1723 472 1786 medio
494 1744 592 1786 unam
614 1722 799 1786 breviorem
821 1720 956 1785 alteram
979 1721 1079 1785 efficit
1100 1730 1227 1807 partem
1249 1719 1438 1805 longiorem.
1471 1725 1559 1782 ea10

364 1826 490 1889 ratione
518 1825 546 1889 si
573 1846 632 1912 per
658 1824 693 1887 id
723 1833 885 1905 centrum,
914 1846 978 1910 quo
1005 1821 1069 1887 loci
1094 1822 1288 1908 perductum
1316 1830 1365 1914 est
1392 1821 1507 1903 lorum,

364 1936 501 2012 utraque
524 1927 632 2012 capita
655 1927 930 2010 circumagentur,
960 1924 1087 2010 longior
1114 1947 1189 2011 pars
1218 1925 1408 2011 ampliorem
1435 1923 1507 1987 bre-

329 2030 438 2091 svior
459 2029 618 2091 minorem
645 2037 720 2112 aget
749 2028 1004 2091 circinationem.
1049 2027 1321 2113 quemadmodum
1349 2047 1427 2088 vero
1448 2025 1508 2087 mi·

365 2152 459 2193 nores
482 2139 572 2193 rotae
600 2129 748 2193 duriores
778 2139 810 2193 et
833 2128 1035 2193 difficiliores
1062 2127 1185 2192 habent
1206 2138 1328 2209 motus,
1360 2124 1507 2212 sic-pha·
1596 2117 1600 2123 ’

367 2231 484 2315 langac
508 2240 541 2295 et
562 2232 641 2316 iuga
667 2233 702 2295 in
729 2231 847 2315 quibus
876 2230 1027 2316 partibus
1054 2229 1177 2294 habent
1204 2231 1328 2292 minora
1355 2250 1375 2291 a
1397 2237 1508 2290 centro
1528 2240 1559 2285 rs

365 2332 408 2395 ad
431 2333 538 2419 capita
560 2331 749 2415 intervalla,
778 2341 928 2418 premunt
949 2330 1074 2395 duriter
1096 2330 1194 2412 colla,
1223 2352 1287 2416 qua
1308 2338 1418 2393 autem
1440 2328 1508 2392 lon·

365 2435 457 2517 giora
484 2433 606 2497 hahent
634 2434 676 2498 ab
704 2434 818 2521 eodem
851 2442 961 2497 centro
991 2433 1112 2518 spatia,
1145 2430 1257 2495 levant
1288 2430 1439 2495 oneribus
1476 2439 1509 2493 et

366 2536 529 2599 trahentes
553 2546 585 2600 et
608 2536 760 2613 serentes.
805 2556 879 2597 cum
900 2533 981 2597 haec
1003 2534 1050 2596 ita
1071 2533 1114 2596 ad
1136 2541 1283 2597 centrum
1297 2532 1507 2619 porrectioni-

366 2637 426 2700 bus
450 2646 481 2700 ct
511 2636 778 2701 circinationibus
807 2636 988 2723 receperint
1016 2644 1140 2717 motus,
1168 2645 1246 2699 tunc
1278 2656 1356 2699 vero
1385 2634 1509 2721 plostra

365 2738 464 2801 redae
491 2748 648 2826 tympana
675 2737 780 2802 molae
802 2735 929 2801 cocleae
958 2738 1145 2824 scorpiones
1172 2735 1323 2801 ballistae
1345 2735 1435 2824 prela
1458 2759 1507 2800 ce·
1526 2746 1559 2794 20

365 2851 518 2927 teracque
539 2841 708 2906 machinae
730 2840 853 2904 eisdem
874 2839 1054 2904 rationibus
1077 2861 1136 2926 per
1155 2849 1341 2926 porrectum
1363 2850 1508 2904 centrum

368 2951 399 3006 et
425 2946 618 3008 rotationem
648 2943 761 3007 circini
788 2951 961 3006 versantur
983 2963 1057 3005 cum
1083 2941 1209 3007 faciunt
1236 2942 1278 3005 ad
1305 2942 1509 3030 propositum

367 3044 511 3109 effectus.

305 3156 347 3220 IV)
452 3148 546 3210 Nunc
574 3146 615 3209 de
632 3148 775 3233 'organis
804 3167 886 3232 quae
912 3146 955 3209 ad
983 3145 1197 3209 hauriendam
1230 3167 1348 3231 aquam
1374 3145 1557 3209 inventalx

367 3256 443 3311 sunt
465 3249 738 3334 quemadmodum
761 3249 861 3312 variis
883 3248 1059 3334 generibus
1088 3258 1314 3335 comparentur
1336 3270 1507 3333 exponam,
1527 3266 1560 3312 25
1621 3318 1623 3323 ,

367 3423 594 3432 .---——..—,

437 3526 450 3572 1
470 3525 581 3588 propius
601 3524 634 3574 G:
661 3526 788 3588 proprius
810 3526 840 3574 H
858 3521 938 3588 (Llc).
961 3520 974 3589 11
996 3525 1011 3573 2
1031 3525 1067 3573 cir
1086 3524 1225 3574 examine:
1249 3525 1288 3574 sic
1311 3524 1363 3574 GH
1384 3523 1455 3586 (cum
1474 3524 1509 3573 ab

369 3609 493 3672 examine
521 3608 618 3669 Selia).
645 3605 657 3673 11
685 3611 701 3657 4
723 3608 858 3673 subiugiis
880 3624 939 3672 epo:
967 3601 1157 3674 subiugiorum
1181 3609 1239 3660 GH.
1264 3605 1276 3674 11
1303 3610 1318 3658 7
1341 3609 1510 3659 inbecilliori

370 3693 442 3741 ceu:
471 3691 626 3741 inbecillior
646 3693 696 3741 GH
715 3692 770 3755 (L).
792 3688 807 3757 11
830 3693 979 3742 auxiliatur
998 3694 1050 3742 GH
1068 3690 1211 3754 (auxiliati
1231 3694 1266 3750 H,
1285 3695 1344 3743 inde
1362 3693 1531 3742 auxiliatus

369 3779 414 3832 tr,
443 3774 593 3824 auxiliatos
611 3774 661 3840 cle).
688 3772 699 3842 11
728 3777 744 3824 8
766 3775 895 3840 palangis
919 3777 977 3825 GH.
1000 3774 1012 3843 11
1040 3778 1233 3841 9progredit²
1255 3777 1289 3825 G:
1319 3776 1460 3843 progredit
1482 3778 1513 3826 H

368 3857 449 3923 (lde).
474 3854 486 3923 11
509 3858 544 3906 ab
563 3858 666 3912 medic:
691 3859 817 3910 admedio
835 3861 865 3908 H
882 3859 941 3924 (L),
966 3860 1074 3911 amedic
1094 3861 1115 3910 G
1134 3860 1226 3922 (Lete).
1250 3856 1263 3924 11
1289 3863 1320 3909 10
1339 3860 1456 3910 alteram
1476 3861 1533 3917 Gz.

368 3962 416 3994 ona
436 3944 464 3990 H
482 3941 564 4005 (Hc).
588 3939 600 4010 11
625 3946 655 3992 12
679 3945 902 4007 circumagentur
923 3946 992 3996 doc:
1018 3949 1150 4010 -gentes
1171 3943 1229 3992 GH.
1256 3938 1268 4007 11
1297 3945 1328 3993 13
1351 3949 1418 4008 aget
1438 3946 1508 3994 Joc:

370 4031 430 4093 agit
444 4028 500 4077 GH.
518 4023 530 4093 11
550 4031 581 4077 14
599 4033 675 4078 rotae
693 4030 734 4081 ed.
753 4024 823 4090 (rote
842 4027 872 4079 at
888 4031 914 4079 in
931 4045 1011 4094 marp.
1028 4028 1068 4092 Ιι1ε
1096 4028 1240 4092 notae(-e
1254 4026 1286 4090 G)
1306 4028 1358 4076 GH
1375 4026 1423 4090 (L,
1443 4043 1509 4092 rane

369 4115 408 4172 rh,
427 4113 542 4175 renel).
563 4109 576 4178 11
599 4111 765 4162 deficiliores
783 4120 842 4162 ante
860 4130 929 4164 corr.
949 4114 985 4165 H.
1009 4109 1021 4176 11
1045 4114 1076 4161 16
1094 4112 1200 4161 minora
1219 4127 1235 4160 a
1254 4115 1349 4160 centro
1367 4112 1438 4161 doc:
1461 4111 1509 4160 mi·

367 4213 438 4246 nora
457 4203 551 4247 centro
570 4199 598 4246 H
616 4195 696 4260 (Llc),
715 4197 833 4246 minores
852 4201 949 4247 centro
968 4197 997 4248 G.
1021 4194 1033 4262 11
1057 4198 1088 4245 16
1106 4195 1262 4260 quaSclm.:
1281 4209 1353 4257 quae
1373 4196 1424 4245 GH
1442 4196 1511 4256 (col-

371 4281 428 4344 laq³
441 4282 469 4339 G,
481 4281 581 4346 collaq3
592 4283 627 4337 H,
639 4281 773 4347 collaque
783 4282 823 4338 Ll,
835 4281 907 4332 eolla
920 4297 990 4345 quae
1000 4280 1050 4342 ch).'
1062 4276 1075 4346 11
1087 4280 1196 4344 longior
1208 4278 1330 4329 ababent
1342 4281 1372 4329 H
1384 4280 1481 4345 (soliar).
1496 4279 1508 4346 11

373 4367 404 4414 17
423 4366 610 4416 attrahentes
629 4367 713 4417 Marx:
733 4365 910 4425 extrahentes
930 4366 989 4415 GH.
1010 4361 1022 4430 11
1046 4367 1077 4414 19
1094 4365 1251 4428 receperint
1267 4365 1335 4415 ‹loca
1355 4367 1512 4431 reciperent

373 4451 431 4500 GH.
450 4448 461 4516 11
476 4456 564 4501 motos
577 4451 612 4498 H.
630 4446 642 4515 11
658 4454 738 4498 tunc:
750 4451 789 4498 sic
799 4450 857 4500 GH.
873 4447 885 4514 11
901 4452 934 4499 20
946 4447 1033 4498 molae
1044 4465 1090 4514 epo
1100 4449 1145 4513 (cf.
1154 4467 1180 4513 p.
1192 4452 1251 4507 245,
1261 4447 1320 4512 25):
1333 4455 1409 4500 rotae
1424 4451 1482 4502 GH.
1496 4447 1509 4515 11

371 4537 531 4599 scorpiones
545 4536 567 4584 G
580 4534 638 4598 (Ich
652 4536 728 4582 -nis
737 4535 766 4582 H
778 4532 833 4596 (L).
846 4530 858 4600 11
870 4532 1029 4598 ballistae(e
1041 4534 1073 4598 G)
1088 4535 1139 4583 GH
1148 4531 1285 4600 (ballistra
1295 4537 1333 4584 sic
1345 4536 1377 4594 L,
1390 4535 1509 4585 balistae

372 4619 410 4674 ch,
423 4618 525 4686 baliste
543 4620 570 4682 11.
587 4616 599 4687 11
614 4622 645 4669 21
666 4619 767 4669 eisdem
782 4619 814 4667 G:
835 4619 919 4669 isdem
932 4618 962 4666 H
973 4618 1052 4681 (hle).
1069 4615 1082 4684 11
1097 4621 1129 4667 22
1142 4623 1288 4669 versantur
1298 4634 1359 4669 cum
1371 4636 1431 4685 epo:
1449 4635 1510 4669 ver-

372 4700 516 4767 santurltr'r
535 4705 568 4764 G,
587 4701 736 4765 versanltu
754 4704 782 4752 H
799 4701 942 4766 (versantu
959 4704 996 4761 L,
1013 4705 1062 4754 sed
1077 4703 1213 4755 versando
1229 4704 1276 4767 Le,
1293 4709 1448 4755 versantum
1467 4706 1510 4770 lc).
