3784 5625
377 659 420 723 80
866 673 1025 720 vrrnuvu

377 827 526 890 columna
559 835 775 908 contractum,
808 847 844 890 eo
877 847 918 888 ne
951 826 1059 888 minus
1087 825 1208 888 habeat
1237 825 1420 912 capitulum
1452 849 1538 891 suae

376 928 583 1015 symmetriae
598 929 815 1015 proiecturam
836 937 867 990 et
889 927 923 990 in
945 925 1118 991 latitudine
1141 949 1219 991 suae
1241 928 1344 1012 partis
1366 927 1536 994 adiectio-

377 1051 461 1092 nem.
510 1029 552 1091 de
580 1027 764 1093 volutarum
798 1028 1085 1115 descriptionibus,
1118 1030 1167 1091 uti
1199 1026 1242 1091 ad
1265 1028 1426 1093 circinum
1464 1031 1567 1095 sinte

375 1140 463 1194 recte
478 1129 644 1194 involutae
664 1130 937 1216 quemadmodum
960 1130 1201 1211 describantur,
1224 1131 1259 1192 in
1275 1139 1424 1195 extremo
1441 1131 1535 1197 libro

342 1247 358 1294 5
376 1231 480 1298 forma
503 1242 534 1296 et
555 1233 638 1296 ratio
661 1253 771 1296 earum
795 1232 856 1294 erit
878 1230 1072 1317 subscripta.
1254 1305 1260 1315 Ι

461 1333 623 1419 Capitulis
652 1331 805 1418 perfectis
834 1331 953 1396 deinde
981 1332 1203 1397 columnarum
1224 1356 1291 1397 non
1311 1332 1354 1396 ad
1377 1331 1533 1397 libellam

376 1434 435 1501 sed
461 1432 504 1497 ad
531 1433 698 1520 aequalem
725 1433 892 1499 modulum
920 1433 1112 1516 conlocatis,
1130 1444 1183 1498 'ut
1211 1458 1293 1521 quae
1320 1435 1467 1499 adiectio
1497 1437 1532 1499 in

376 1534 549 1622 stylobatis
577 1535 664 1600 faeta
686 1534 800 1618 fuerit,
830 1537 863 1599 in
892 1536 1113 1623 superioribus
1136 1537 1290 1601 membris
1312 1536 1531 1622 respondeat,
1587 1576 1592 1583 ·

379 1637 604 1724 epistyliorum
631 1639 714 1701 ratio
746 1638 794 1701 sio
822 1647 871 1700 est
898 1637 1049 1701 habenda
1075 1639 1124 1701 uti
1146 1639 1174 1701 si
1203 1637 1371 1703 columnae
1400 1639 1533 1702 fuerint

330 1754 361 1800 10
378 1761 397 1800 a
418 1739 553 1801 minima
569 1755 619 1801 x11
641 1739 761 1825 pedum
788 1738 830 1800 ad
853 1738 1037 1825 quindecim
1066 1740 1181 1826 pedes,
1211 1738 1355 1826 epistylii
1378 1742 1423 1803 sit
1451 1739 1531 1805 alti·

378 1840 457 1904 tudo
486 1838 640 1903 dimidiae
668 1839 894 1903 crassitudinis
916 1842 1000 1903 imae
1023 1839 1206 1924 columnae,
1236 1843 1314 1905 item
1342 1843 1370 1905 si
1404 1841 1449 1903 ab
1482 1860 1531 1906 xv

378 1940 515 2028 pedibus
545 1940 588 2004 ad
609 1959 674 2024 xx,
709 1940 876 2005 columnae
898 1941 1037 2005 altitudo
1061 1943 1249 2006 dimetiatur
1270 1944 1305 2006 in
1326 1930 1436 2029 partes
1461 1953 1529 2006 tre-

378 2043 481 2106 decim
512 2052 544 2106 et
571 2044 666 2107 unius
695 2045 797 2128 partis
819 2042 958 2107 altitudo
986 2044 1131 2131 epistylii
1159 2045 1234 2126 fiat,
1263 2045 1342 2108 item
1369 2044 1399 2107 si
1427 2066 1448 2106 a
1478 2063 1531 2108 xx

377 2145 419 2208 ad
442 2163 514 2208 xxv
539 2145 654 2231 pedes,
683 2144 852 2208 dividatur
871 2143 1011 2208 altitudo
1031 2146 1065 2208 in
1085 2155 1193 2232 partes
1219 2163 1270 2209 xn
1294 2156 1326 2209 et
1353 2146 1530 2209 semissem

329 2263 359 2310 15
376 2254 410 2310 et
439 2248 506 2311 eius
535 2269 600 2309 una
627 2268 701 2333 pars
730 2245 919 2334 epistylium
947 2248 982 2309 in
1009 2246 1183 2310 altitudine
1212 2246 1268 2309 fiat
1279 2297 1288 2330 ,
1316 2249 1397 2311 item
1425 2248 1454 2310 si
1485 2248 1530 2313 ab

377 2366 450 2412 xxv
488 2348 626 2434 pedibus
665 2348 707 2411 ad
746 2367 852 2430 xxx,
876 2347 1043 2411 dividatur
1081 2349 1117 2410 in
1155 2359 1263 2434 partes
1297 2367 1348 2411 xli
1385 2359 1419 2412 et
1453 2351 1529 2414 eius

377 2472 441 2513 una
468 2471 543 2536 pars
570 2448 709 2514 altitudo
736 2450 803 2513 fiat.
852 2452 930 2513 item
959 2459 1030 2514 rata
1052 2460 1143 2536 parte
1165 2449 1208 2514 ad
1231 2449 1367 2513 eundem
1389 2450 1526 2514 modum

377 2574 420 2615 ex
446 2550 619 2615 altitudine
647 2549 867 2614 columnarum
896 2551 1119 2638 expediendae
1142 2562 1217 2615 sunt
1238 2551 1431 2615 altitudines
1454 2554 1526 2638 epi·

378 2651 561 2739 styliorum.
606 2674 669 2738 quo
684 2650 782 2716 altius
806 2654 892 2715 enim
914 2652 1043 2717 scandit
1065 2653 1150 2717 oculi
1172 2654 1313 2741 species,
1336 2675 1402 2716 non
1425 2652 1559 2720 faciles

326 2771 360 2819 ‘20
378 2763 525 2842 persecat
546 2754 631 2817 aeris
655 2753 872 2817 crebritatem.
924 2752 1051 2841 dilapsa
1073 2756 1184 2842 itaque
1204 2753 1389 2819 altitudinis
1414 2757 1526 2842 spatio

379 2866 410 2919 et
438 2856 564 2919 viribus
594 2854 725 2918 effracta
752 2858 908 2919 incertam
936 2855 1139 2921 modulorum
1172 2857 1337 2921 renuntiat
1369 2856 1525 2921 sensibus

378 2959 600 3044 quantitatem.
651 2979 750 3043 quare
778 2979 905 3043 semper
924 2944 1139 3022 'adiciendum
1162 2969 1210 3021 est
1232 2959 1366 3022 rationis
1389 2957 1524 3044 supple-

377 3068 521 3123 mentum
536 3060 569 3123 in
585 3060 846 3145 symmetriarum
861 3059 1030 3143 membris,
1053 3069 1090 3123 ut
1112 3082 1183 3122 oum
1207 3059 1327 3124 fuerint
1348 3069 1404 3122 aut
1427 3057 1524 3123 altio·

377 3259 604 3268 ——--—----

446 3396 459 3445 1
479 3400 664 3447 contractum:
682 3395 719 3444 sie
730 3394 781 3445 GH
794 3392 1006 3461 (contracturam
1021 3394 1113 3459 Mar.).
1129 3391 1141 3460 11
1157 3397 1173 3444 2
1187 3375 1333 3445 latitudine
1346 3393 1410 3446 Lor.
1427 3394 1523 3461 (rer.):

540 3501 548 3516 ι
1411 3484 1453 3511 fill!

378 3537 523 3592 altitudine
545 3540 602 3593 GH.
624 3535 638 3605 u
661 3554 727 3589 suae
746 3542 834 3605 partis
855 3542 931 3591 G⁶H0
954 3539 1038 3606 (hle):
1061 3540 1181 3605 repertis
1207 3539 1259 3588 GH
1279 3520 1321 3606 (ἷέ
1340 3538 1386 3596 60,
1404 3522 1452 3609 plis
1479 3540 1524 3588 Hc
1558 3564 1565 3578 ι

376 3642 429 3675 cum
463 3626 559 3689 duplici
586 3625 681 3688 corn),
715 3629 794 3675 ratae
824 3627 912 3690 partis
940 3626 996 3679 Joc.
1025 3621 1036 3690 ΙΙ
1068 3628 1084 3674 8
1112 3623 1293 3688 respondeat,
1329 3622 1522 3687 epistyliorum

376 3710 447 3758 ratio
471 3708 560 3761 Selia:
589 3709 754 3776 respondeat
781 3706 1008 3776 sy(IG)rnmetria
1034 3708 1212 3771 (synmetriae
1242 3706 1275 3769 L)
1309 3701 1521 3771 aepystiliorum

378 3792 557 3857 (epystiltoru
574 3793 615 3857 G).
650 3793 847 3859 Epystiliorum
867 3793 1049 3859 (Eprstylrorr'r
1066 3791 1070 3854 Ι
1087 3793 1117 3851 G)
1143 3791 1214 3841 ratio
1296 3792 1355 3842 GH.
1391 3790 1522 3841 rubricam

376 3894 389 3927 e
407 3879 519 3941 maraine
536 3879 657 3928 insertam
676 3877 845 3944 (symmetria
870 3875 1069 3943 epistyliorum)
1092 3879 1155 3926 uidit
1176 3878 1315 3941 delevitque
1339 3875 1449 3924 Meister
1472 3872 1521 3938 (rs.

375 3960 565 4020 a'Bo'eueuer,
587 3963 688 4017 [lutere.
706 3964 757 4026 ures
774 3966 799 4016 d.
818 3962 918 4027 Akrop.
934 3978 962 4025 p.
982 3960 1038 4024 92),
1063 3957 1074 4027 ΙΙ
1098 3963 1130 4011 10
1143 3961 1301 4025 quindecim
1319 3958 1448 4023 H(L10):
1469 3960 1522 4009 XV

378 4048 406 4095 G.
427 4042 439 4111 ΙΙ
463 4048 492 4096 11
513 4046 643 4099 dimidiae
663 4050 740 4099 Lora
763 4047 845 4099 —dia
869 4047 928 4096 GH.
952 4041 964 4111 [Ι
985 4044 1052 4094 item
1071 4046 1106 4096 ab
1124 4046 1174 4095 XV
1199 4046 1250 4096 GH
1268 4044 1303 4108 (si
1321 4045 1381 4095 add.
1400 4044 1490 4106 Part).
1508 4043 1519 4111 l

377 4133 407 4179 12
431 4130 599 4181 demetiatur
618 4133 675 4183 GH.
692 4128 704 4198 ΙΙ
721 4132 852 4183 tredecim
871 4131 900 4180 H
917 4126 1001 4195 (Llelz
1020 4130 1088 4181 XIII
1107 4130 1135 4183 G.
1160 4127 1171 4196 ΙΙ
1195 4130 1227 4180 15
1246 4129 1281 4178 ab
1300 4128 1389 4181 XXV:
1410 4129 1449 4177 sic
1470 4129 1525 4178 GH

377 4211 422 4276 (te,
447 4216 557 4266 axxv
576 4214 621 4284 D).
645 4214 658 4283 ΙΙ
682 4219 712 4267 17
731 4219 794 4265 rata
812 4219 891 4279 parte
910 4213 987 4263 Seleu.
1004 4212 1064 4280 (pro
1076 4220 1138 4265 rata
1155 4220 1233 4279 parte
1247 4212 1342 4276 Mur.):
1362 4214 1422 4261 rati
1440 4217 1523 4277 parte

326 4343 329 4346 .
377 4299 405 4358 G,
424 4303 484 4350 rati
501 4306 608 4366 partem
627 4302 664 4354 H.
687 4297 699 4367 ΙΙ
722 4302 753 4349 19
774 4300 869 4349 cendit
886 4307 946 4351 aute
964 4316 1032 4350 corr.
1052 4301 1088 4353 H.
1111 4297 1124 4365 {l
1146 4301 1179 4348 20
1197 4302 1337 4363 persecat:
1356 4301 1439 4361 peeat
1458 4296 1522 4362 (pro

374 4382 484 4449 psecat)
507 4395 566 4436 ante
584 4402 653 4437 corr.
672 4386 705 4443 L,
723 4388 802 4433 secat
821 4386 865 4436 [Α
881 4381 893 4451 ΙΙ
909 4385 1024 4451 delapsa
1042 4392 1101 4435 aute
1119 4401 1187 4435 corr.
1209 4386 1238 4436 G.
1263 4380 1274 4448 ll
1297 4384 1328 4432 21
1343 4380 1460 4431 effracta
1472 4398 1522 4447 epo

375 4470 567 4535 (extritum,
586 4472 670 4519 exuta
689 4466 778 4531 Lor.):
803 4474 942 4520 exstructa
963 4471 995 4526 G,
1020 4475 1173 4533 extructam
1192 4466 1250 4531 (ste)
1268 4468 1298 4516 H
1320 4463 1393 4529 (-ta
1411 4468 1447 4526 tr,
1473 4482 1523 4516 ex·

374 4557 479 4605 structa
502 4553 546 4618 L).
569 4550 582 4619 ss
605 4556 637 4602 22
661 4552 777 4603 rationIs
802 4552 909 4618 G(clr):
938 4555 1039 4604 rationi
1062 4555 1092 4603 H
1114 4552 1177 4617 (LI).
1205 4548 1218 4618 ΙΙ
1245 4550 1467 4617 supplementum
1493 4553 1522 4600 H

375 4638 464 4702 (Ltc):
494 4636 669 4688 sublementri
693 4638 723 4690 G.
747 4634 759 4704 ΙΙ
786 4641 819 4689 23
841 4644 875 4690 ut
895 4654 955 4688 oum
978 4639 1082 4688 tuerint
1104 4638 1243 4689 auidae:
1275 4652 1335 4686 cum
1360 4635 1467 4685 fuerint
1489 4642 1523 4687 ut

374 4730 423 4776 aut
442 4723 500 4779 GH.
1134 4732 1138 4738 ·
