3784 5625
689 673 736 722 nn
758 669 1026 724 ascensorum
1050 675 1119 723 mn.
1142 677 1189 724 vr.
1450 657 1516 728 131Ι

367 828 549 915 spectantia
576 829 718 891 maxime
747 828 789 891 ad
817 831 1082 916 septentrionem.
1135 851 1210 892 nam
1238 832 1438 895 meridianae
1458 855 1508 895 re-

367 930 481 1013 giones
503 939 641 1015 ‚propter
673 940 783 993 aestus
818 931 937 994 cariem
970 932 1092 994 tineam
1125 931 1287 994 teredines
1319 931 1509 1020 reliquaque

367 1030 545 1094 bestiarum
567 1032 753 1095 nocentium
774 1052 894 1115 genera
908 1042 1080 1118 procreant
1099 1031 1281 1118 alendoque
1303 1045 1507 1119 conservant,

366 1153 468 1218 eaque
500 1131 649 1195 aedificia
680 1134 814 1196 minime
845 1146 920 1197 sunt
953 1134 1155 1198 materianda
1185 1145 1317 1221 propter
1345 1136 1506 1200 incendia.

366 1233 408 1296 de
434 1221 715 1317 magnitudinibus
743 1217 861 1297 a'utem
881 1236 986 1299 finitio
1014 1234 1103 1298 nulla
1131 1236 1229 1299 debet
1259 1258 1344 1318 esse,
1374 1238 1432 1301 sed
1460 1238 1542 1301 fas

365 1335 485 1398 ciunda
507 1334 549 1397 ad
569 1336 747 1400 maximum
769 1338 903 1399 navium
925 1336 1068 1419 modum,
1091 1338 1139 1400 uti
1162 1339 1225 1401 etsi
1246 1338 1385 1402 maiores
1407 1362 1508 1404 naves

364 1435 546 1500 subductae
567 1435 699 1518 suerint,
722 1436 863 1500 habeant
885 1458 959 1501 eum
981 1437 1165 1501 laxamento
1180 1438 1228 1501 ibi
1243 1438 1507 1505 conlocationem.

450 1536 544 1617 Quae
565 1540 749 1603 necessaria
771 1539 813 1602 ad
835 1536 1010 1604 utilitatem
1033 1541 1068 1603 in
1090 1539 1280 1603 civitatibus
1303 1541 1508 1627 publicorum

364 1638 506 1703 locorum
546 1661 734 1704 succurrere
772 1640 853 1704 mihi
892 1648 1083 1726 potuerunt,
1122 1640 1394 1726 quemadmodum
1434 1666 1507 1708 con-

364 1743 541 1806 stituantur
564 1750 596 1805 et
618 1740 827 1828 perficiantur
846 1742 884 1813 ,in
898 1740 961 1806 hoc
974 1739 1139 1805 volumine
1154 1744 1283 1829 scripsi,
1306 1745 1508 1830 privatorum
1528 1762 1559 1809 10

362 1852 474 1906 autem
494 1842 717 1907 aedificiorum
739 1841 898 1907 utilitates
922 1853 955 1906 et
977 1856 1087 1907 eorum
1103 1845 1309 1931 symmetrias
1324 1848 1509 1933 insequenti

361 1944 530 2010 volumine
552 1946 782 2009 ratiocinabor.

676 2202 886 2276 LIBER
931 2202 1205 2278 SEXTUS.

449 2369 639 2455 Aristippus
662 2368 873 2456 philosophus
891 2369 1074 2433 Socraticus
1097 2369 1267 2453 naufragio
1290 2391 1363 2432 eum
1386 2371 1507 2436 ciectus

332 2468 406 2538 rad
433 2467 671 2534 Rhodiensium
698 2471 776 2535 litus
804 2470 1090 2534 animadvertisset
1117 2473 1315 2554 geometrica
1342 2471 1507 2536 schemata
1526 2491 1557 2537 15

365 2570 540 2656 descripta,
565 2571 800 2636 exclamavisse
827 2572 870 2635 ad
898 2574 1032 2635 comites
1061 2572 1107 2635 ita
1136 2572 1255 2636 dieitur
1281 2574 1376 2637 ‘bene
1398 2596 1505 2659 spere-

363 2694 452 2753 mus,
481 2671 649 2737 hominum
677 2676 763 2737 enim
786 2675 927 2759 vestigia
949 2673 1058 2736 video'
1092 2673 1267 2759 statimque
1293 2676 1328 2739 in
1351 2676 1506 2761 oppidum

363 2772 516 2839 Rhodum
544 2775 712 2841 contendit
740 2785 771 2840 et
798 2785 887 2840 recta
913 2776 1121 2863 gymnasium
1149 2775 1301 2860 devenit,
1331 2777 1442 2863 ibique
1465 2778 1506 2842 de

363 2874 570 2963 philosophia
592 2877 762 2964 disputans
785 2879 973 2942 muneribus
997 2889 1046 2942 est
1068 2877 1217 2960 donatus,
1240 2887 1359 2943 utnon
1380 2888 1506 2943 tantum

364 2998 400 3040 se
434 2988 564 3041 ornaret
596 2979 653 3042 sed
688 2981 785 3043 etiam
820 2982 866 3044 eis
900 2981 956 3065 qui
990 3002 1056 3042 una
1084 2981 1215 3043 fuerunt
1243 2988 1275 3043 et
1296 2982 1450 3045 vestitum
1474 2991 1507 3046 et
1524 2998 1557 3046 20

365 3087 472 3142 cetera
501 3101 583 3164 quae
611 3094 691 3165 opus
705 3089 830 3155 ¹,essent
857 3081 899 3144 ad
922 3083 1045 3145 vietum
1068 3090 1257 3166 praestaret.
1302 3104 1375 3144 eum
1396 3092 1506 3146 autem

365 3181 434 3244 eius
463 3182 597 3245 comites
625 3183 660 3245 in
687 3183 826 3268 patriam
853 3184 975 3246 reverti
1003 3182 1183 3247 voluissent
1204 3183 1505 3269 interrogarentque

365 3303 438 3345 eum
466 3283 620 3367 quidnam
648 3283 748 3348 vellet
776 3285 907 3349 domum
934 3285 1129 3367 renuntiari,
1157 3292 1236 3347 tunc
1263 3285 1309 3347 ita
1336 3284 1506 3348 mandavit

304 3446 309 3456 ,
365 3383 491 3467 dicere,
521 3385 682 3450 eiusmodi
704 3375 923 3473 possessiones
947 3394 979 3450 et
1001 3387 1122 3449 viatica
1143 3383 1255 3449 liberis
1278 3376 1427 3472 oportere
1448 3409 1504 3473 pa-

363 3487 429 3548 rari
456 3507 537 3571 quae
565 3488 661 3550 etiam
692 3487 902 3573 enaufragio
929 3510 995 3550 una
1021 3497 1152 3574 possent
1182 3496 1322 3550 enatare.
1366 3510 1505 3574 namque
1523 3505 1556 3553 25

330 3609 346 3658 2
365 3608 403 3650 ea
424 3609 502 3652 vera
523 3588 687 3674 praesidia
709 3599 784 3653 sunt
806 3591 895 3653 vitae
911 3589 1029 3675 quibus
1044 3611 1149 3676 neque
1164 3588 1315 3652 fortunae
1329 3598 1504 3676 tempestas

363 3689 476 3774 iniqua
499 3710 604 3774 neque
626 3689 830 3776 publicarum
851 3712 959 3754 rerum
982 3692 1118 3756 mutatio
1140 3712 1246 3776 neque
1266 3688 1345 3753 belli
1365 3692 1505 3753 vastatio

430 3895 636 3945 4materianda
655 3897 689 3946 G:
712 3896 844 3946 -rienda
866 3898 895 3945 II
917 3897 974 3958 (Ll,
994 3895 1123 3960 -riandq
1141 3893 1192 3958 cd).
1218 3890 1230 3960 ))
1258 3897 1274 3944 5
1298 3893 1429 3944 faciunda
1454 3894 1504 3943 GH

369 3977 451 4043 (Llc).
471 3974 484 4045 l}
506 3982 522 4029 9
540 3984 689 4045 potuerunt
708 3981 729 4030 G
748 3981 805 4046 (L):
824 3987 954 4047 poterunt
971 3983 1001 4030 H
1018 3981 1073 4044 (lc).

430 4113 551 4164 vitruvii
568 4114 640 4165 mer
658 4116 767 4179 quintus
787 4097 845 4180 (ni.
866 4115 898 4165 r.
920 4116 951 4178 o)
972 4116 1096 4179 exprme.
1127 4113 1225 4176 incipit
1248 4112 1319 4161 uber
1340 4117 1432 4161 sextus
1452 4111 1502 4173 (rn-

363 4199 433 4264 cipit
449 4199 496 4248 vl.
516 4198 548 4263 G)
568 4200 621 4249 GH
637 4198 679 4263 (L,
698 4216 744 4254 om.
764 4217 827 4252 nom.
846 4218 867 4257 c,
887 4199 1009 4264 Explicit
1026 4199 1044 4251 l.
1069 4212 1094 4260 q.
1112 4198 1144 4248 V.
1168 4204 1216 4246 etc.
1236 4200 1256 4259 1,
1278 4198 1333 4246 sine
1351 4199 1390 4245 tit.
1414 4199 1503 4246 iterum

361 4284 385 4342 Ιι,
404 4289 432 4333 ut
449 4291 475 4333 ct
491 4285 518 4334 in
534 4281 714 4350 sequentibus).

432 4386 465 4433 14
482 4385 635 4435 socraticus
654 4393 712 4436 onte
731 4402 799 4438 corr.
821 4385 842 4433 G
860 4381 921 4448 (non
935 4381 977 4444 E).
1002 4380 1015 4447 Η
1038 4381 1142 4431 electus
1161 4389 1220 4430 ante
1238 4397 1305 4434 corr.
1321 4382 1416 4443 G(non
1428 4383 1473 4443 E).
1489 4380 1501 4448 Η

364 4471 397 4519 15
416 4468 603 4520 hrodiensium
621 4471 647 4520 E
665 4470 726 4535 (non
746 4471 774 4522 G.
794 4469 828 4531 cf.
839 4485 866 4532 p.
886 4471 928 4529 51,
940 4467 993 4530 11).
1009 4463 1021 4531 Ι)
1039 4467 1180 4515 schemata
1193 4467 1221 4515 H
1233 4465 1292 4530 (L):
1312 4472 1436 4516 scemata
1455 4466 1503 4515 EG

364 4550 419 4616 (le).
442 4550 455 4620 ΙΙ
479 4555 510 4604 18
528 4553 640 4604 hrodum
659 4555 720 4616 EG,
739 4553 832 4603 rodum
850 4553 879 4600 H
901 4547 1026 4613 (rhodum
1044 4551 1111 4614 lde).
1135 4547 1147 4614 1)
1170 4555 1248 4600 recta
1269 4552 1298 4599 H
1317 4551 1399 4615 (Llc):
1411 4600 1413 4605 ,
1427 4556 1502 4600 recte

362 4638 421 4690 EG.
445 4637 456 4704 ΙΙ
481 4639 653 4703 gymnarium
671 4647 730 4688 ante
752 4654 820 4686 corr.
842 4634 943 4700 G(non
962 4636 1007 4699 E).
1034 4633 1046 4703 Ι)
1069 4638 1102 4685 20
1125 4636 1245 4684 fuerunt:
1267 4637 1305 4685 sr'c
1327 4635 1411 4688 EGH.
1436 4633 1447 4701 Ι)
1470 4638 1503 4685 23

363 4723 463 4774 donum
484 4723 506 4774 G
525 4722 585 4787 (non
602 4724 648 4787 E).
673 4720 684 4790 Ι)
707 4725 740 4773 25
758 4726 872 4771 enatare
892 4721 939 4771 EG
958 4719 1023 4785 (elqt
1043 4736 1172 4772 enarrare
1191 4722 1219 4769 H
1237 4717 1301 4783 (LI).

1256 4801 1301 4864 9*
