3784 5625
693 671 740 717 ns
764 670 1030 719 assumserunt
1055 672 1123 717 ms.
1146 674 1194 718 rx.
1451 656 1512 719 221

372 822 462 907 prius
495 820 708 885 transiliendo
738 823 949 887 celerioribus
984 823 1157 887 itineribus
1189 823 1361 910 perficiunt
1393 824 1515 888 iustum
1544 847 1546 850 ·

372 944 513 987 cursum.
558 924 604 986 ita
627 923 769 987 efficitur
790 928 839 989 uti
862 924 948 1011 quod
976 921 1183 990 demorentur
1205 927 1240 988 in
1262 923 1426 989 nonnullis
1449 926 1514 1009 sig·

371 1025 434 1105 nis,
459 1022 562 1089 nihilo
585 1026 692 1089 minus
716 1047 790 1090 cum
813 1027 953 1112 eripiant
976 1048 1010 1090 se
1025 1026 1067 1090 ab
1082 1028 1277 1091 necessitate
1291 1047 1411 1107 morae,
1435 1025 1515 1089 cele·

335 1127 452 1188 8riter
487 1138 727 1212 consequantur
763 1128 882 1190 iustam
915 1129 1183 1193 circumitionem.
1242 1130 1305 1192 iter
1340 1137 1448 1191 autem
1482 1129 1516 1191 in

371 1226 492 1291 mundo
507 1226 662 1291 Mercurii
678 1227 771 1292 stella
794 1230 840 1291 lta
862 1228 1039 1315 pervolitat
1053 1231 1103 1293 uti
1124 1231 1350 1295 trecentesimo
1367 1238 1399 1292 et
1421 1250 1514 1293 sexa·
1533 1245 1548 1293 5

371 1329 517 1413 gensimo
546 1328 599 1391 die
627 1352 685 1416 per
713 1330 881 1413 signorum
908 1334 1015 1417 spatia
1043 1353 1176 1394 currens
1209 1332 1378 1418 perveniat
1404 1331 1446 1394 ad
1480 1330 1514 1393 id

371 1432 502 1515 signum
525 1452 567 1493 ex
589 1452 651 1516 quo
667 1431 775 1518 priore
798 1432 1042 1497 circumlatione
1062 1434 1168 1519 coepit
1191 1432 1297 1496 fac'cre
1320 1454 1459 1514 cursum,
1484 1441 1516 1494 ct

370 1533 421 1595 ita
443 1541 660 1617 peraequatur
683 1534 751 1596 eius
774 1534 837 1596 iter
858 1542 893 1596 ut
917 1533 1297 1610 circitcrtricenosdies
1319 1535 1354 1597 in
1376 1531 1515 1618 singulis

336 1651 352 1698 9
372 1634 476 1719 signis
499 1632 618 1697 habeat
640 1635 766 1697 numeri
789 1636 958 1700 rationem.
995 1636 1135 1699 Veneris
1150 1644 1259 1699 autem
1275 1657 1347 1699 cum
1364 1643 1412 1698 est
1434 1633 1515 1697 libe-

370 1744 442 1799 rata
457 1734 499 1799 ab
515 1734 717 1821 inpeditione
732 1735 898 1801 radiorum
914 1736 1003 1818 solis,
1026 1756 1101 1801 xxx
1116 1737 1232 1802 diebus
1253 1739 1414 1824 percurrit
1429 1737 1516 1821 signi
1535 1725 1583 1802 10⁵

372 1838 532 1924 spatium.v
555 1859 618 1922 quo
640 1837 747 1900 minus
767 1838 991 1925 quadragenos
1008 1840 1079 1903 dies
1102 1839 1137 1902 in
1152 1838 1289 1924 singulis
1306 1839 1409 1923 signis
1432 1840 1515 1924 pati-

372 1950 441 2019 tur,
466 1961 539 2003 cum
561 1939 733 2003 stationem
756 1938 871 2004 fecerit
892 1943 1037 2006 restituit
1059 1964 1129 2005 eam
1152 1963 1311 2005 summam
1331 1927 1459 2004 numeri
1481 1940 1516 2002 in

371 2062 435 2104 uno
463 2041 558 2125 signo
585 2049 718 2127 mprata.
769 2063 845 2126 crgo
874 2051 976 2106 totam
998 2044 1242 2107 circinationem
1269 2040 1414 2107 incaelo
1438 2062 1515 2127 qua·

371 2141 628 2226 dringentesimo
651 2151 683 2205 et
705 2145 925 2227 octogensimo
948 2153 980 2208 et
1001 2146 1115 2230 quinto
1131 2144 1184 2208 dic
1206 2166 1376 2231 permensa
1397 2144 1516 2207 iterum

321 2262 353 2309 10
373 2243 435 2307 init
464 2245 594 2328 signum
622 2265 664 2307 ex
687 2266 749 2331 quo
778 2246 871 2330 signo
899 2247 990 2331 prius
1018 2248 1081 2309 iter
1108 2245 1214 2309 facere
1237 2247 1353 2332 coepit.
1397 2245 1514 2307 Martis
1534 2262 1565 2310 15

373 2367 450 2409 vero
474 2346 604 2409 circiter
627 2347 863 2411 sexcentesimo
887 2350 1107 2431 octogensimo
1129 2334 1226 2410 tertio
1242 2346 1385 2411 siderum
1408 2346 1515 2432 spatia

372 2445 582 2534 pervagando
615 2438 765 2533 pervenit
798 2470 834 2511 eo
868 2470 910 2511 ex
943 2470 1006 2533 quo
1040 2449 1170 2512 initium
1203 2446 1352 2511 faciendo
1385 2470 1515 2511 cursum

372 2549 494 2612 fecerat
516 2559 608 2629 ante,
632 2557 664 2611 et
686 2550 720 2612 in
743 2549 860 2636 quibus
882 2550 985 2634 'signis
1002 2548 1139 2613 celerius
1162 2549 1337 2635 percurrit,
1361 2571 1434 2612 cum
1450 2558 1514 2611 sta-

372 2652 494 2715 tionem
524 2650 602 2714 fecit
631 2651 740 2737 explet
770 2650 896 2713 dierum
923 2653 1047 2715 numeri
1075 2652 1243 2716 rationem.
1293 2649 1384 2715 Iovis
1406 2659 1515 2714 autem
1551 2667 1554 2668 ’

372 2751 608 2839 placidioribus
637 2751 793 2837 gradibus
822 2752 981 2817 scandens
1010 2762 1122 2819 contra
1148 2751 1262 2815 mundi
1284 2752 1513 2836 versationem,
1532 2769 1566 2819 20

371 2856 502 2918 circiter
526 2870 636 2919 ccoux
659 2853 775 2918 diebus
799 2854 927 2940 singula
951 2856 1045 2940 signa
1072 2855 1280 2942 permetitur,
1310 2865 1343 2919 et
1365 2855 1515 2920 consistit

371 2965 446 3043 post
468 2978 569 3020 annos
592 2974 629 3020 xl
653 2964 684 3019 et
707 2956 778 3020 dics
801 2973 930 3021 cccxm
956 2966 987 3021 ct
1014 2957 1101 3021 redit
1123 2957 1158 3019 in
1179 2956 1214 3019 id
1242 2957 1373 3040 signum
1394 2956 1429 3019 in
1450 2979 1514 3042 quo
1619 3014 1621 3017 ,

369 3068 447 3122 ante
470 3076 521 3121 ΧΠ
543 3058 637 3121 annis
660 3057 776 3121 fuerat.
822 3058 955 3123 Saturni
978 3079 1072 3139 vero,
1102 3057 1269 3122 mensibus
1291 3057 1515 3143 undetriginta

370 3161 564 3247 etamplius
587 3161 699 3246 paucis
723 3159 838 3224 diebus
861 3159 1044 3246 pervadens
1067 3181 1125 3246 per
1147 3158 1232 3244 signi
1255 3160 1406 3245 spatium,
1429 3181 1513 3222 anno

368 3283 455 3326 nono
492 3270 524 3324 et
560 3263 739 3326 vicensimo
777 3271 809 3325 et
845 3262 976 3325 circiter
1012 3262 1127 3326 diebus
1163 3278 1232 3325 oux
1268 3262 1303 3324 in
1340 3283 1402 3346 quo
1438 3268 1514 3324 ante
1531 3279 1564 3327 25

441 3456 453 3500 1
472 3452 572 3501 iustum
593 3467 710 3502 cursum.
738 3453 779 3502 ita
797 3451 918 3502 efficitur
938 3453 998 3503 EG:
1017 3469 1064 3503 om.
1084 3453 1112 3500 H
1130 3450 1209 3516 (hle).
1226 3447 1238 3516 ll
1253 3454 1270 3502 3
1288 3451 1409 3516 eripiant
1421 3466 1450 3501 se
1464 3449 1512 3500 ab:

367 3537 407 3586 sic
425 3536 511 3589 EGH.
537 3533 548 3599 ll
571 3537 587 3584 4
604 3538 673 3586 Item
693 3537 718 3584 E
737 3535 782 3599 (Ιι).
806 3534 817 3602 ΙΙ
841 3541 856 3588 5
874 3538 993 3587 mercuri
1011 3539 1047 3590 H.
1070 3534 1083 3603 ΙΙ
1106 3537 1308 3586 trecentissimo
1328 3537 1423 3598 thou
1440 3535 1485 3597 Ε).
1498 3532 1511 3605 ΙΙ

368 3620 546 3683 sexagesimo
565 3619 589 3666 Ε
608 3616 688 3683 (Ltc),
704 3614 862 3684 ssgensimo
875 3623 910 3679 H,
930 3624 1084 3687 -gessimo
1099 3623 1128 3674 G.
1150 3619 1162 3688 ΙΙ
1180 3621 1359 3683 tcircu(cum
1372 3637 1428 3686 epo,
1442 3623 1475 3684 rs.
1485 3637 1512 3685 p.

367 3707 432 3767 224,
446 3704 580 3765 6)Ιαῐίοιιε
594 3704 680 3752 EGH.
698 3701 710 3770 ΙΙ
728 3708 758 3755 10
770 3705 860 3755 XXX:
881 3708 919 3755 sic
931 3707 1017 3756 EGH.
1035 3702 1046 3772 ll
1064 3709 1094 3754 11
1108 3721 1161 3771 quo
1175 3707 1226 3756 GH
1238 3704 1322 3770 (Ltc):
1341 3707 1385 3773 (Tm
1398 3705 1442 3768 (=
1452 3707 1513 3768 qm,

367 3786 510 3856 quoniam)
524 3786 557 3839 E.
578 3782 590 3852 ΙΙ
608 3790 638 3836 12
652 3789 780 3838 restituet
792 3789 838 3843 Ec.
855 3785 868 3855 ΙΙ
885 3792 915 3840 13
929 3807 995 3855 ergo
1007 3796 1093 3840 totam
1107 3791 1167 3841 EG:
1187 3793 1311 3854 ergotam
1324 3792 1352 3840 H
1370 3790 1429 3854 (Le,
1448 3805 1513 3855 ergo

369 3879 428 3925 tam
442 3873 508 3935 Lcl).
524 3867 537 3938 [l
554 3872 763 3922 circinationem
782 3889 841 3937 epo:
861 3870 906 3938 (cf.
915 3891 942 3939 p.
956 3878 1018 3932 223,
1032 3878 1073 3924 14.
1089 3878 1127 3923 17.
1141 3879 1200 3933 227,
1215 3879 1237 3923 7.
1254 3873 1315 3936 13):
1338 3870 1512 3923 circitioncm

370 3959 422 4010 GH
441 3955 493 4019 (LI,
513 3957 660 4006 circionum
679 3956 729 4020 cll),
749 3959 939 4008 circuitionem
958 3959 983 4008 Ε
1000 3955 1071 4023 (Lo).
1096 3955 1108 4025 ΙΙ
1132 3960 1164 4006 14
1181 3957 1369 4023 octogensimo
1389 3957 1439 4007 GH
1457 3955 1466 4019 (
1493 3956 1512 4019 ),

368 4043 510 4106 -gesimo
522 4041 547 4090 Ε
561 4037 613 4106 (tc).
634 4037 647 4107 H
669 4057 814 4107 permensa
832 4043 881 4092 EG
899 4042 963 4108 (ἠΰτ
981 4057 1127 4107 permensa
1145 4043 1173 4091 H
1184 4040 1281 4104 (Llcla).
1302 4037 1314 4106 ss
1337 4043 1369 4090 15
1387 4041 1440 4089 init
1459 4036 1512 4105 [ῆς

369 4127 428 4177 inid
447 4127 525 4177 EGH
544 4124 626 4190 (Ltclr,
644 4128 692 4176 sed
708 4127 737 4175 l⁶
750 4134 812 4191 post
828 4128 935 4192 signum
953 4131 1038 4191 suppl.
1057 4127 1138 4189 redit,
1156 4133 1183 4176 ut
1200 4127 1278 4188 doc).
1298 4122 1310 4189 ΙΙ
1334 4125 1366 4175 16
1383 4129 1513 4189 octogen-

370 4212 440 4262 simo
461 4211 510 4260 GH
523 4210 687 4275 (——gessi1uo
706 4211 739 4273 c),
757 4213 894 4276 -gesimo
913 4212 938 4261 Ε
952 4210 1031 4274 (ΕἱΙι).
1056 4207 1068 4275 ll
1089 4211 1172 4260 tertio
1190 4209 1322 4260 siderum:
1339 4210 1377 4258 sic
1395 4209 1480 4259 EGH.
1497 4205 1510 4275 Η

369 4297 401 4345 21
421 4294 587 4347 CCCLX.
605 4297 633 4344 H
643 4294 725 4360 (step
746 4294 865 4345 CCCXL
880 4294 934 4345 EG.
953 4291 965 4361 ΙΙ
981 4293 1092 4359 singula
1111 4294 1157 4344 G⁶s
1176 4293 1316 4359 insingula
1334 4293 1388 4342 ΕΗ
1400 4291 1474 4358 (Llc)
1488 4302 1514 4345 et

369 4389 430 4431 unte
442 4397 510 4431 corr.
524 4381 552 4429 G.
571 4377 582 4445 ΙΙ
602 4383 634 4430 22
652 4386 715 4445 post
733 4395 819 4430 annos
837 4381 894 4434 ,XL
913 4379 974 4428 EG:
993 4382 1055 4443 post
1073 4380 1147 4428 annii
1165 4378 1205 4428 xl
1217 4379 1263 4433 ,H
1278 4377 1312 4441 (c,
1331 4393 1430 4428 annum
1454 4378 1512 4432 ,x1.

370 4465 424 4527 Ll).
441 4462 453 4532 ΙΙ
471 4464 608 4515 CCCXIII
621 4465 692 4518 Mar.
712 4463 816 4528 (Plitp
836 4463 1000 4514 CCCXXIII
1020 4462 1105 4512 EGH.
1121 4458 1182 4528 1123
1200 4462 1360 4513 Xll.annis
1377 4463 1438 4513 EG:
1458 4465 1512 4514 XII

371 4565 457 4600 annos
475 4548 505 4597 H
529 4546 608 4612 (Ltc).
631 4547 643 4616 ΙΙ
667 4549 857 4614 undetriginta
875 4549 903 4598 H
922 4546 992 4612 (Le),
1009 4544 1097 4609 unde!
1118 4547 1212 4602 XXX.
1232 4547 1265 4604 G,
1284 4546 1356 4598 unde
1373 4548 1467 4598 XXX.
1486 4549 1511 4599 Ε

370 4634 410 4698 (t).
435 4631 447 4701 Η
469 4636 503 4684 24
520 4635 750 4700 per(pEG)signi
768 4634 847 4684 EGH
870 4635 928 4693 (sed
946 4633 981 4683 G⁶
998 4634 1047 4684 del.
1065 4632 1135 4697 per).
1156 4628 1169 4697 ΙΙ
1192 4634 1225 4682 25
1243 4633 1394 4686 vicensimo
1412 4634 1442 4682 H
1467 4631 1510 4697 (L,

370 4719 521 4770 -cessimo
539 4722 578 4785 c),
596 4720 734 4771 -cesimo
754 4720 801 4770 EG
819 4719 860 4784 (ἱ),
883 4715 895 4786 ll
918 4717 1004 4768 CLX:
1022 4718 1060 4768 sic
1078 4717 1163 4772 EGH.
