3784 5625
624 672 671 718 na
695 669 963 719 cremauerunt
986 672 1055 719 ms.
1079 674 1125 719 vr.
1387 657 1447 722 143

304 833 419 909 quarto
451 823 534 888 libro
559 823 601 894 ,de
629 823 749 887 doricis
779 826 896 909 scripsi
924 826 971 887 ita
997 823 1121 889 moduli
1149 835 1316 890 sumantur
1345 835 1377 890 et
1404 827 1446 889 ad

304 947 359 989 eos
381 919 536 995 modulos
552 922 856 1011 triglyphorumque
877 926 1019 990 rationes
1042 926 1267 1013 disponantur.

269 1040 286 1088 8
389 1024 620 1091 Tricliniorum
643 1035 763 1111 quanta
785 1025 923 1091 latitudo
945 1027 1059 1109 fuerit,
1088 1028 1140 1092 bis
1162 1037 1254 1092 tanta
1275 1028 1444 1113 longitudo
1462 1042 1486 1092 V

304 1128 376 1193 fieri
404 1127 549 1191 debebit.
599 1126 790 1191 altitudines
818 1130 961 1192 omnium
990 1127 1245 1213 conclaviorum,
1280 1151 1362 1216 quae
1389 1132 1445 1195 ob-

304 1229 402 1314 longa
424 1228 556 1311 fuerint,
580 1229 629 1292 sic
650 1229 769 1293 habere
792 1227 913 1294 debent
934 1230 1094 1294 rationem
1115 1232 1164 1294 uti
1184 1226 1398 1315 longitudinis
1415 1242 1482 1296 eto

304 1330 489 1395 latitudinis
518 1351 670 1393 mensura
698 1341 909 1417 componatur
936 1340 968 1394 et
997 1352 1039 1394 ex
1067 1353 1105 1394 ea
1127 1354 1253 1395 summa
1275 1331 1447 1396 dimidium

305 1442 452 1504 sumatur
474 1441 506 1495 et
528 1440 684 1518 quantum
699 1431 798 1494 luerit
811 1439 937 1506 tantum
952 1430 1120 1497 altitudini
1134 1432 1240 1497 detur.
1273 1435 1326 1497 sin
1339 1444 1448 1499 autem

307 1532 448 1597 exedrae
469 1541 526 1596 aut
548 1534 618 1597 oeci
641 1532 791 1617 quadrati
805 1532 945 1614 fuerint,
973 1532 1156 1597 latitudinis
1179 1533 1315 1597 dimidia
1335 1533 1448 1599 addita

304 1628 496 1700 altitudines
533 1634 722 1699 educantur.
786 1633 1016 1720 pinacothecae
1059 1637 1108 1699 uti
1151 1634 1291 1699 exedrae
1331 1635 1447 1723 amplis
1495 1627 1497 1631 ¹

304 1735 585 1821 magnitudinibus
609 1742 686 1800 sunt
707 1734 963 1799 constituendae.
1007 1738 1077 1801 oeci
1097 1735 1249 1801 corinthii
1269 1736 1446 1825 tetrastyli·
1467 1754 1499 1801 10

305 1859 368 1924 que
391 1838 512 1923 quique
535 1838 683 1923 aegyptii
704 1847 863 1902 vocantur
889 1836 1073 1901 latitudinis
1097 1846 1129 1901 et
1155 1836 1370 1922 longitudinis
1398 1841 1447 1903 uti

305 1961 403 2025 supra
425 1937 641 2003 tricliniorum
663 1940 871 2024 symmetriae
893 1924 1035 2025 scriptae
1057 1947 1143 2022 sunt,
1166 1940 1213 2003 ita
1234 1939 1376 2005 habeant
1396 1963 1446 2004 ra·

305 2042 442 2123 tionem,
472 2040 530 2104 sed
553 2049 685 2126 propter
707 2040 930 2105 columnarum
952 2041 1216 2128 interpositiones
1239 2042 1447 2127 spatiosiores

272 2156 286 2204 a
306 2143 557 2207 constituantur.
601 2142 687 2205 inter
709 2142 885 2207 corinthios
907 2153 1017 2205 autem
1045 2151 1077 2205 et
1098 2143 1270 2229 aegyptios
1298 2142 1360 2207 hoc¹
1387 2146 1448 2208 erit

305 2244 491 2308 discrimen.
531 2243 684 2307 corinthii
706 2242 870 2330 simplices
890 2243 1033 2307 habeant
1048 2240 1214 2306 columnas
1229 2253 1286 2306 aut
1300 2245 1335 2306 in
1349 2242 1447 2329 podio
1468 2263 1498 2310 15

304 2345 428 2432 positas
456 2353 512 2408 aut
541 2346 576 2407 in
602 2345 684 2426 imo,
714 2366 876 2431 supraque
903 2343 1045 2409 habeant
1071 2342 1224 2428 epistylia
1252 2353 1284 2406 et
1312 2365 1447 2409 coronas

304 2454 361 2510 aut
385 2466 427 2509 ex
448 2447 605 2510 intestino
633 2467 731 2532 opere
753 2456 810 2509 aut
831 2444 972 2526 albario,
1002 2452 1169 2531 praeterea
1192 2466 1290 2530 supra
1312 2465 1446 2509 coronas

305 2569 408 2610 curva
429 2546 595 2611 lacunaria
616 2548 659 2610 ad
682 2548 840 2610 circinum
862 2544 1061 2609 delumbata.
1097 2547 1132 2608 in
1152 2547 1316 2632 aegyptiis
1337 2555 1447 2609 autem

305 2670 405 2735 supra
426 2647 591 2713 columnas
615 2647 769 2736 epistylia
791 2657 823 2712 et
844 2647 886 2711 ab
902 2646 1066 2734 epistyliis
1081 2646 1124 2709 ad
1138 2647 1278 2733 parietes
1301 2648 1448 2733 quisunt

305 2751 391 2815 circa
413 2750 598 2838 inponenda
621 2760 670 2815 est
692 2750 902 2835 contignatio,
926 2771 1025 2837 supra
1040 2749 1446 2836 coaxationem'pavimen-
1465 2767 1498 2815 ‘20

303 2863 390 2936 tum,
420 2853 481 2917 sub
509 2854 567 2916 diu
594 2860 630 2916 ut
658 2854 701 2916 sit
723 2853 887 2917 circuitus.
932 2851 1052 2915 deinde
1073 2873 1173 2938 supra
1194 2850 1383 2938 epistylium
1404 2852 1447 2915 ad

305 2953 574 3042 perpendiculum
600 2953 791 3019 inferiorum
819 2953 1039 3017 columnarum
1066 2952 1271 3039 inponendae
1293 2962 1368 3017 sunt
1388 2955 1447 3015 mi-

304 3078 399 3121 nores
422 3065 536 3142 quarta
558 3063 652 3141 parte
674 3053 852 3119 columnae.
897 3077 997 3141 supra
1025 3075 1134 3117 earum
1163 3053 1315 3140 epistylia
1343 3064 1375 3118 et
1397 3077 1447 3118 or-

304 3166 457 3221 namenta
489 3155 663 3221 lacunariis
697 3166 852 3221 ornantur
885 3167 917 3220 et
948 3159 1034 3220 inter
1066 3155 1230 3220 columnas
1265 3148 1447 3241 superiores

305 3259 467 3324 fenestrae
490 3257 708 3340 conlocantur,
731 3260 777 3322 ita
799 3257 1007 3322 basilicarum
1030 3278 1067 3320 ea
1090 3255 1285 3340 similitudo,
1314 3278 1380 3319 non
1394 3278 1446 3320 co·
1464 3274 1497 3321 25

257 3378 288 3425 10
304 3360 502 3425 rinthiorum
514 3358 741 3441 tricliniorum,
764 3359 993 3423 videturesse.
1028 3357 1110 3422 fiunt
1130 3369 1240 3423 autem
1262 3359 1360 3422 etiam
1381 3381 1446 3422 non
1460 3374 1497 3424 vl

306 3461 442 3526 Italicae
465 3460 709 3532 consuetudinis
733 3463 813 3543 oeci,
837 3483 916 3546 quos
933 3460 1051 3525 Graeci
1067 3460 1248 3547 Cyzicenos
1270 3459 1448 3548 appellant.

305 3564 340 3627 hi
361 3562 572 3628 conlocantur
593 3572 777 3649 spectantes
797 3563 840 3627 ad
856 3566 1109 3650 septentrionem
1124 3572 1156 3626 et
1171 3564 1311 3626 maxime
1326 3562 1448 3627 viridia

254 3716 257 3721 .
304 3665 557 3752 prospicientes,
587 3663 766 3749 valvasque
794 3662 915 3728 hahent
937 3665 972 3727 in
994 3663 1113 3729 medio.
1157 3665 1220 3751 ipsi
1241 3675 1349 3728 autem
1371 3674 1447 3727 sunt

305 3767 352 3832 ita
374 3766 464 3852 longi
478 3776 519 3837 ,et
541 3765 599 3831 lati
622 3768 669 3831 uti
696 3766 760 3830 duo
782 3766 925 3830 triclinia
953 3788 1026 3828 curn
1054 3767 1333 3830 circumitionibus
1360 3766 1446 3828 inter
1461 3782 1494 3829 3.)

373 4040 625 4093 4'eonclavlorum:
643 4045 681 4091 ste
701 4042 759 4092 ΕΗ.
783 4037 795 4107 ΙΙ
817 4040 833 4090 8
852 4039 990 4092 exhedrae
1010 4041 1060 4091 GH
1072 4038 1115 4103 (L,
1135 4038 1254 4090 exedrae
1272 4038 1305 4102 lc)
1338 4033 1351 4104 ss
1373 4038 1446 4088 911-

303 4125 439 4176 titudines
453 4127 459 4187 Ι
475 4123 609 4177 educant²
629 4125 811 4191 pinacothecis
831 4125 865 4174 G:
890 4124 1036 4175 altitudine
1055 4125 1188 4174 seducant
1209 4124 1320 4188 turpino
1335 4125 1340 4186 Ι
1356 4123 1446 4174 cothe-

305 4225 357 4260 cae
375 4210 407 4259 H
422 4209 583 4271 (altitudine
601 4210 736 4261 seducant
753 4210 865 4273 turpina
883 4209 996 4274 cethaee
1014 4209 1075 4267 Llc,
1098 4210 1148 4258 nisi
1164 4209 1233 4272 quod
1249 4223 1278 4258 se
1296 4207 1399 4258 ducant
1415 4209 1445 4267 L,

305 4293 421 4359 cetheco
440 4311 463 4359 c,
482 4294 643 4346 altitudines
656 4295 776 4344 educant
788 4295 897 4357 turpine
911 4295 1023 4344 cetheco
1035 4292 1072 4356 lt).
1094 4289 1106 4358 Η
1130 4291 1266 4342 exhedrae
1287 4294 1337 4343 GH
1355 4292 1419 4357 (Le).
1431 4291 1444 4360 ΙΙ
1537 4336 1540 4339 Α

306 4380 337 4428 11
356 4377 515 4430 latitudinis
535 4383 562 4429 et
579 4379 760 4444 longitudinis
777 4377 846 4426 dou:
871 4392 954 4426 -nes
975 4377 1108 4441 utrobique
1128 4376 1186 4425 GH.
1215 4371 1228 4443 ss
1257 4379 1288 4427 13
1310 4364 1446 4442 spatiores

306 4461 336 4514 Ε.
360 4459 373 4528 ΙΙ
389 4465 429 4514 -15
446 4462 570 4515 habeant
592 4464 629 4515 L:
654 4462 757 4512 habent
781 4461 832 4511 ΕΗ
854 4458 907 4525 (lc).
930 4456 942 4526 Η
967 4462 997 4510 16
1015 4460 1150 4509 habeant:
1173 4463 1211 4510 sic
1230 4461 1287 4513 GH.
1311 4458 1323 4527 Η
1343 4463 1375 4510 21
1393 4462 1444 4512 sub
1480 4483 1484 4493 r

305 4545 353 4594 din
372 4546 423 4596 GH
441 4544 586 4610 (subdivo
605 4544 702 4613 111⁶).ss
723 4549 755 4596 22
774 4545 948 4610 inponendae
968 4545 1019 4594 ΕΗ
1038 4546 1080 4607 (L,
1098 4545 1289 4608 inpendendus
1307 4549 1331 4595 lc
1350 4542 1409 4612 [ID.
1430 4543 1442 4613 ΙΙ

220 4626 227 4639 ’
305 4632 339 4680 23
357 4630 501 4682 columnae
520 4633 556 4697 (h
573 4639 599 4681 et
616 4629 695 4691 ectu:
713 4629 839 4680 columna
859 4631 909 4680 ΕΗ
926 4629 997 4695 (Ich).
1021 4626 1033 4696 ΙΙ
1056 4632 1088 4679 27
1107 4630 1241 4689 satiante
1259 4647 1326 4683 corr.
1346 4626 1445 4696 &1128

305 4714 356 4764 Hii
372 4717 408 4766 H.
431 4713 443 4783 ll
466 4718 500 4767 29
517 4715 617 4767 salbas
637 4717 670 4766 H.
694 4713 706 4782 {l
728 4715 832 4767 habent
852 4717 877 4765 H
896 4715 978 4780 (Llc):
998 4713 1133 4765 hahentes
1147 4715 1176 4768 Ε.
1199 4711 1212 4782 ΙΙ
1234 4718 1267 4768 30
1280 4730 1340 4766 cum
1352 4731 1400 4767 om.
1415 4715 1445 4771 Ε.
