<?xml version="1.0" encoding="UTF-8"?>
<!DOCTYPE html PUBLIC "-//W3C//DTD XHTML 1.0 Transitional//EN"
    "http://www.w3.org/TR/xhtml1/DTD/xhtml1-transitional.dtd">
<html xmlns="http://www.w3.org/1999/xhtml" xml:lang="en" lang="en">
 <head>
  <title>
</title>
<meta http-equiv="Content-Type" content="text/html;charset=utf-8" />
  <meta name='ocr-system' content='tesseract 3.04.00' />
  <meta name='ocr-capabilities' content='ocr_page ocr_carea ocr_par ocr_line ocrx_word'/>
</head>
<body>
  <div class='ocr_page' id='page_1' title='image "./vitruviidearchi01strgoog_0086.png"; bbox 0 0 3784 5625; ppageno 0'>
   <div class='ocr_carea' id='block_1_1' title="bbox 376 668 1078 731">
    <p class='ocr_par' dir='ltr' id='par_1_1' title="bbox 376 668 1078 731">
     <span class='ocr_line' id='line_1_1' title="bbox 376 668 1078 731; baseline -0.009 1"><span class='ocrx_word' id='word_1_1' title='bbox 376 716 382 721; x_wconf 86' lang='lat'>-</span> <span class='ocrx_word' id='word_1_2' title='bbox 431 668 472 731; x_wconf 83' lang='lat'>68</span> <span class='ocrx_word' id='word_1_3' title='bbox 920 679 1078 727; x_wconf 84' lang='lat' dir='ltr'>vrrauvn</span> 
     </span>
    </p>
   </div>
   <div class='ocr_carea' id='block_1_2' title="bbox 379 831 1647 2847">
    <p class='ocr_par' dir='ltr' id='par_1_2' title="bbox 382 831 1605 2431">
     <span class='ocr_line' id='line_1_2' title="bbox 431 831 1596 919; baseline -0.003 -21"><span class='ocrx_word' id='word_1_4' title='bbox 431 835 509 899; x_wconf 90' lang='lat' dir='ltr'>dum</span> <span class='ocrx_word' id='word_1_5' title='bbox 531 835 660 899; x_wconf 91' lang='lat' dir='ltr'>cubitus</span> <span class='ocrx_word' id='word_1_6' title='bbox 684 844 734 898; x_wconf 92' lang='lat' dir='ltr'>est</span> <span class='ocrx_word' id='word_1_7' title='bbox 756 856 815 898; x_wconf 88' lang='lat' dir='ltr'>sex</span> <span class='ocrx_word' id='word_1_8' title='bbox 838 832 1035 919; x_wconf 79' lang='lat' dir='ltr'>palmorum,</span> <span class='ocrx_word' id='word_1_9' title='bbox 1064 834 1099 896; x_wconf 89' lang='lat' dir='ltr'>in</span> <span class='ocrx_word' id='word_1_10' title='bbox 1120 831 1276 895; x_wconf 75' lang='lat' dir='ltr'><strong>drachma</strong></span> <span class='ocrx_word' id='word_1_11' title='bbox 1298 853 1362 917; x_wconf 88' lang='lat' dir='ltr'>qua</span> <span class='ocrx_word' id='word_1_12' title='bbox 1383 852 1482 895; x_wconf 91' lang='lat' dir='ltr'>numo</span> <span class='ocrx_word' id='word_1_13' title='bbox 1504 840 1596 895; x_wconf 54' lang='lat' dir='ltr'>ute»</span> 
     </span>
     <span class='ocr_line' id='line_1_3' title="bbox 431 930 1573 1019; baseline -0.005 -18"><span class='ocrx_word' id='word_1_14' title='bbox 431 947 544 1001; x_wconf 89' lang='lat' dir='ltr'>rentur</span> <span class='ocrx_word' id='word_1_15' title='bbox 568 957 681 1000; x_wconf 91' lang='lat' dir='ltr'>aereos</span> <span class='ocrx_word' id='word_1_16' title='bbox 709 938 854 1019; x_wconf 90' lang='lat' dir='ltr'>signatos</span> <span class='ocrx_word' id='word_1_17' title='bbox 876 935 925 998; x_wconf 93' lang='lat' dir='ltr'>uti</span> <span class='ocrx_word' id='word_1_18' title='bbox 948 955 1038 998; x_wconf 88' lang='lat' dir='ltr'>asses</span> <span class='ocrx_word' id='word_1_19' title='bbox 1062 956 1104 996; x_wconf 84' lang='lat' dir='ltr'>ex</span> <span class='ocrx_word' id='word_1_20' title='bbox 1125 956 1228 1019; x_wconf 90' lang='lat' dir='ltr'>aequo</span> <span class='ocrx_word' id='word_1_21' title='bbox 1250 955 1324 1015; x_wconf 86' lang='lat' dir='ltr'>sex,</span> <span class='ocrx_word' id='word_1_22' title='bbox 1353 954 1433 1018; x_wconf 89' lang='lat' dir='ltr'>quos</span> <span class='ocrx_word' id='word_1_23' title='bbox 1461 930 1573 996; x_wconf 90' lang='lat' dir='ltr'>obolos</span> 
     </span>
     <span class='ocr_line' id='line_1_4' title="bbox 430 1032 1572 1125; baseline -0.004 -24"><span class='ocrx_word' id='word_1_24' title='bbox 430 1036 609 1125; x_wconf 84' lang='lat' dir='ltr'>appellant,</span> <span class='ocrx_word' id='word_1_25' title='bbox 633 1036 896 1124; x_wconf 80' lang='lat' dir='ltr'>quadrantesque</span> <span class='ocrx_word' id='word_1_26' title='bbox 918 1033 1102 1115; x_wconf 79' lang='lat' dir='ltr'>obolorum,</span> <span class='ocrx_word' id='word_1_27' title='bbox 1131 1057 1213 1121; x_wconf 90' lang='lat' dir='ltr'>quae</span> <span class='ocrx_word' id='word_1_28' title='bbox 1241 1034 1297 1097; x_wconf 93' lang='lat' dir='ltr'>alii</span> <span class='ocrx_word' id='word_1_29' title='bbox 1325 1032 1474 1097; x_wconf 88' lang='lat' dir='ltr'>dichalea</span> <span class='ocrx_word' id='word_1_30' title='bbox 1494 1056 1572 1097; x_wconf 92' lang='lat' dir='ltr'>non-</span> 
     </span>
     <span class='ocr_line' id='line_1_5' title="bbox 429 1134 1574 1224; baseline -0.005 -21"><span class='ocrx_word' id='word_1_31' title='bbox 429 1138 512 1203; x_wconf 86' lang='lat' dir='ltr'>nulli</span> <span class='ocrx_word' id='word_1_32' title='bbox 526 1138 684 1202; x_wconf 81' lang='lat' dir='ltr'>trichalca</span> <span class='ocrx_word' id='word_1_33' title='bbox 698 1139 824 1221; x_wconf 83' lang='lat' dir='ltr'>dicunt,</span> <span class='ocrx_word' id='word_1_34' title='bbox 847 1159 905 1224; x_wconf 92' lang='lat' dir='ltr'>pro</span> <span class='ocrx_word' id='word_1_35' title='bbox 921 1136 1036 1220; x_wconf 82' lang='lat' dir='ltr'>digitis</span> <span class='ocrx_word' id='word_1_36' title='bbox 1052 1137 1173 1220; x_wconf 85' lang='lat' dir='ltr'>viginti</span> <span class='ocrx_word' id='word_1_37' title='bbox 1190 1146 1342 1222; x_wconf 90' lang='lat' dir='ltr'>quattuor</span> <span class='ocrx_word' id='word_1_38' title='bbox 1363 1136 1398 1199; x_wconf 91' lang='lat' dir='ltr'>in</span> <span class='ocrx_word' id='word_1_39' title='bbox 1421 1134 1574 1198; x_wconf 82' lang='lat' dir='ltr'>drachma</span> 
     </span>
     <span class='ocr_line' id='line_1_6' title="bbox 395 1238 1605 1325; baseline -0.002 -24"><span class='ocrx_word' id='word_1_40' title='bbox 395 1252 412 1301; x_wconf 81' lang='lat'>5</span> <span class='ocrx_word' id='word_1_41' title='bbox 430 1242 648 1307; x_wconf 86' lang='lat' dir='ltr'>constituisse.</span> <span class='ocrx_word' id='word_1_42' title='bbox 679 1242 782 1305; x_wconf 86' lang='lat' dir='ltr'>nostri</span> <span class='ocrx_word' id='word_1_43' title='bbox 797 1249 905 1302; x_wconf 89' lang='lat' dir='ltr'>autem</span> <span class='ocrx_word' id='word_1_44' title='bbox 920 1239 1025 1325; x_wconf 88' lang='lat' dir='ltr'>primo</span> <span class='ocrx_word' id='word_1_45' title='bbox 1046 1238 1195 1313; x_wconf 83' lang='lat' dir='ltr'>lecerunt</span> <span class='ocrx_word' id='word_1_46' title='bbox 1214 1239 1383 1323; x_wconf 90' lang='lat' dir='ltr'>antiquum</span> <span class='ocrx_word' id='word_1_47' title='bbox 1404 1250 1605 1300; x_wconf 76' lang='lat' dir='ltr'>numerums</span> 
     </span>
     <span class='ocr_line' id='line_1_7' title="bbox 430 1339 1573 1425; baseline -0.005 -18"><span class='ocrx_word' id='word_1_48' title='bbox 430 1354 462 1407; x_wconf 92' lang='lat' dir='ltr'>et</span> <span class='ocrx_word' id='word_1_49' title='bbox 488 1344 523 1407; x_wconf 93' lang='lat' dir='ltr'>in</span> <span class='ocrx_word' id='word_1_50' title='bbox 546 1342 678 1406; x_wconf 90' lang='lat' dir='ltr'>denario</span> <span class='ocrx_word' id='word_1_51' title='bbox 702 1341 803 1406; x_wconf 89' lang='lat' dir='ltr'>denos</span> <span class='ocrx_word' id='word_1_52' title='bbox 830 1341 914 1403; x_wconf 88' lang='lat' dir='ltr'>aeris</span> <span class='ocrx_word' id='word_1_53' title='bbox 943 1341 1197 1422; x_wconf 71' lang='lat' dir='ltr'>constituerim,</span> <span class='ocrx_word' id='word_1_54' title='bbox 1228 1350 1261 1403; x_wconf 90' lang='lat' dir='ltr'>et</span> <span class='ocrx_word' id='word_1_55' title='bbox 1289 1361 1327 1402; x_wconf 87' lang='lat' dir='ltr'>ea</span> <span class='ocrx_word' id='word_1_56' title='bbox 1352 1360 1388 1402; x_wconf 88' lang='lat' dir='ltr'>re</span> <span class='ocrx_word' id='word_1_57' title='bbox 1416 1339 1573 1425; x_wconf 88' lang='lat' dir='ltr'>composi-</span> 
     </span>
     <span class='ocr_line' id='line_1_8' title="bbox 394 1439 1574 1526; baseline -0.005 -17"><span class='ocrx_word' id='word_1_58' title='bbox 394 1476 398 1479; x_wconf 43' lang='lat'><em>*</em></span> <span class='ocrx_word' id='word_1_59' title='bbox 429 1447 476 1509; x_wconf 90' lang='lat' dir='ltr'>tio</span> <span class='ocrx_word' id='word_1_60' title='bbox 491 1444 634 1508; x_wconf 90' lang='lat' dir='ltr'>nominis</span> <span class='ocrx_word' id='word_1_61' title='bbox 657 1442 700 1505; x_wconf 89' lang='lat' dir='ltr'>ad</span> <span class='ocrx_word' id='word_1_62' title='bbox 722 1442 915 1507; x_wconf 90' lang='lat' dir='ltr'>hodiernum</span> <span class='ocrx_word' id='word_1_63' title='bbox 937 1441 1026 1505; x_wconf 90' lang='lat' dir='ltr'>diem</span> <span class='ocrx_word' id='word_1_64' title='bbox 1048 1440 1217 1505; x_wconf 89' lang='lat' dir='ltr'>denarium</span> <span class='ocrx_word' id='word_1_65' title='bbox 1239 1442 1368 1504; x_wconf 89' lang='lat' dir='ltr'>retinet.</span> <span class='ocrx_word' id='word_1_66' title='bbox 1412 1439 1574 1526; x_wconf 91' lang='lat' dir='ltr'>etiamque</span> 
     </span>
     <span class='ocr_line' id='line_1_9' title="bbox 431 1542 1574 1633; baseline -0.003 -24"><span class='ocrx_word' id='word_1_67' title='bbox 431 1556 547 1633; x_wconf 89' lang='lat' dir='ltr'>quarta</span> <span class='ocrx_word' id='word_1_68' title='bbox 580 1567 655 1631; x_wconf 88' lang='lat' dir='ltr'>pars</span> <span class='ocrx_word' id='word_1_69' title='bbox 689 1542 776 1629; x_wconf 92' lang='lat' dir='ltr'>quod</span> <span class='ocrx_word' id='word_1_70' title='bbox 805 1542 1009 1607; x_wconf 82' lang='lat' dir='ltr'>efficiebatur</span> <span class='ocrx_word' id='word_1_71' title='bbox 1036 1566 1078 1606; x_wconf 84' lang='lat' dir='ltr'>ex</span> <span class='ocrx_word' id='word_1_72' title='bbox 1105 1542 1233 1607; x_wconf 91' lang='lat' dir='ltr'>duobus</span> <span class='ocrx_word' id='word_1_73' title='bbox 1260 1543 1390 1607; x_wconf 88' lang='lat' dir='ltr'>assibus</span> <span class='ocrx_word' id='word_1_74' title='bbox 1419 1551 1451 1605; x_wconf 93' lang='lat' dir='ltr'>et</span> <span class='ocrx_word' id='word_1_75' title='bbox 1477 1542 1574 1606; x_wconf 89' lang='lat' dir='ltr'>tertio</span> 
     </span>
     <span class='ocr_line' id='line_1_10' title="bbox 400 1644 1573 1731; baseline -0.005 -20"><span class='ocrx_word' id='word_1_76' title='bbox 400 1715 403 1719; x_wconf 67' lang='grc'>,</span> <span class='ocrx_word' id='word_1_77' title='bbox 430 1648 575 1726; x_wconf 82' lang='lat' dir='ltr'>semisse,</span> <span class='ocrx_word' id='word_1_78' title='bbox 600 1647 786 1708; x_wconf 80' lang='lat' dir='ltr'>sestertium</span> <span class='ocrx_word' id='word_1_79' title='bbox 807 1646 1045 1709; x_wconf 88' lang='lat' dir='ltr'>vocitaverunt.</span> <span class='ocrx_word' id='word_1_80' title='bbox 1088 1653 1201 1731; x_wconf 90' lang='lat' dir='ltr'>postea</span> <span class='ocrx_word' id='word_1_81' title='bbox 1222 1653 1331 1707; x_wconf 91' lang='lat' dir='ltr'>autem</span> <span class='ocrx_word' id='word_1_82' title='bbox 1353 1665 1450 1730; x_wconf 90' lang='lat' dir='ltr'>quam</span> <span class='ocrx_word' id='word_1_83' title='bbox 1471 1644 1573 1706; x_wconf 89' lang='lat' dir='ltr'>anim-</span> 
     </span>
     <span class='ocr_line' id='line_1_11' title="bbox 382 1744 1573 1832; baseline 0.003 -28"><span class='ocrx_word' id='word_1_84' title='bbox 382 1760 413 1805; x_wconf 82' lang='grc' dir='ltr'>ιο</span> <span class='ocrx_word' id='word_1_85' title='bbox 430 1746 644 1811; x_wconf 87' lang='lat' dir='ltr'>adverterunt</span> <span class='ocrx_word' id='word_1_86' title='bbox 665 1756 820 1832; x_wconf 87' lang='lat' dir='ltr'>utrosque</span> <span class='ocrx_word' id='word_1_87' title='bbox 842 1768 993 1810; x_wconf 91' lang='lat' dir='ltr'>numeros</span> <span class='ocrx_word' id='word_1_88' title='bbox 1023 1768 1095 1811; x_wconf 90' lang='lat' dir='ltr'>esse</span> <span class='ocrx_word' id='word_1_89' title='bbox 1122 1744 1284 1832; x_wconf 87' lang='lat' dir='ltr'>perfectos</span> <span class='ocrx_word' id='word_1_90' title='bbox 1314 1755 1346 1809; x_wconf 90' lang='lat' dir='ltr'>et</span> <span class='ocrx_word' id='word_1_91' title='bbox 1373 1766 1433 1809; x_wconf 89' lang='lat' dir='ltr'>sex</span> <span class='ocrx_word' id='word_1_92' title='bbox 1459 1755 1492 1808; x_wconf 91' lang='lat' dir='ltr'>et</span> <span class='ocrx_word' id='word_1_93' title='bbox 1518 1744 1573 1808; x_wconf 89' lang='lat' dir='ltr'>de-</span> 
     </span>
     <span class='ocr_line' id='line_1_12' title="bbox 430 1847 1575 1936; baseline -0.003 -24"><span class='ocrx_word' id='word_1_94' title='bbox 430 1872 511 1931; x_wconf 88' lang='lat' dir='ltr'>cem,</span> <span class='ocrx_word' id='word_1_95' title='bbox 532 1857 687 1933; x_wconf 91' lang='lat' dir='ltr'>utrosque</span> <span class='ocrx_word' id='word_1_96' title='bbox 701 1849 736 1910; x_wconf 93' lang='lat' dir='ltr'>in</span> <span class='ocrx_word' id='word_1_97' title='bbox 749 1870 851 1936; x_wconf 86' lang='lat' dir='ltr'>unum</span> <span class='ocrx_word' id='word_1_98' title='bbox 873 1849 1058 1912; x_wconf 82' lang='lat' dir='ltr'>coiecerunt</span> <span class='ocrx_word' id='word_1_99' title='bbox 1080 1857 1112 1911; x_wconf 92' lang='lat' dir='ltr'>et</span> <span class='ocrx_word' id='word_1_100' title='bbox 1133 1847 1281 1912; x_wconf 90' lang='lat' dir='ltr'>fecerunt</span> <span class='ocrx_word' id='word_1_101' title='bbox 1301 1847 1575 1933; x_wconf 86' lang='lat' dir='ltr'>perfectissimum</span> 
     </span>
     <span class='ocr_line' id='line_1_13' title="bbox 431 1948 1573 2035; baseline -0.003 -22"><span class='ocrx_word' id='word_1_102' title='bbox 431 1951 577 2014; x_wconf 87' lang='lat' dir='ltr'>decussis</span> <span class='ocrx_word' id='word_1_103' title='bbox 593 1951 693 2012; x_wconf 87' lang='lat' dir='ltr'>sexis.</span> <span class='ocrx_word' id='word_1_104' title='bbox 737 1948 833 2014; x_wconf 90' lang='lat' dir='ltr'>huius</span> <span class='ocrx_word' id='word_1_105' title='bbox 848 1959 957 2013; x_wconf 88' lang='lat' dir='ltr'>autem</span> <span class='ocrx_word' id='word_1_106' title='bbox 972 1950 1021 2012; x_wconf 90' lang='lat' dir='ltr'>rei</span> <span class='ocrx_word' id='word_1_107' title='bbox 1042 1959 1207 2013; x_wconf 85' lang='lat' dir='ltr'>auctorem</span> <span class='ocrx_word' id='word_1_108' title='bbox 1229 1951 1424 2013; x_wconf 81' lang='lat' dir='ltr'>invenerunt</span> <span class='ocrx_word' id='word_1_109' title='bbox 1445 1948 1573 2035; x_wconf 90' lang='lat' dir='ltr'>pedem.</span> 
     </span>
     <span class='ocr_line' id='line_1_14' title="bbox 431 2048 1573 2137; baseline -0.003 -22"><span class='ocrx_word' id='word_1_110' title='bbox 431 2076 449 2115; x_wconf 92' lang='lat' dir='ltr'>e</span> <span class='ocrx_word' id='word_1_111' title='bbox 471 2052 581 2116; x_wconf 92' lang='lat' dir='ltr'>cubito</span> <span class='ocrx_word' id='word_1_112' title='bbox 604 2052 689 2113; x_wconf 93' lang='lat' dir='ltr'>enim</span> <span class='ocrx_word' id='word_1_113' title='bbox 712 2072 785 2113; x_wconf 91' lang='lat' dir='ltr'>cum</span> <span class='ocrx_word' id='word_1_114' title='bbox 813 2050 938 2137; x_wconf 87' lang='lat' dir='ltr'>dempti</span> <span class='ocrx_word' id='word_1_115' title='bbox 966 2061 1042 2115; x_wconf 91' lang='lat' dir='ltr'>sunt</span> <span class='ocrx_word' id='word_1_116' title='bbox 1063 2050 1164 2137; x_wconf 89' lang='lat' dir='ltr'>palmi</span> <span class='ocrx_word' id='word_1_117' title='bbox 1186 2050 1266 2132; x_wconf 88' lang='lat' dir='ltr'>duo,</span> <span class='ocrx_word' id='word_1_118' title='bbox 1299 2048 1496 2136; x_wconf 88' lang='lat' dir='ltr'>relinquitur</span> <span class='ocrx_word' id='word_1_119' title='bbox 1516 2071 1573 2136; x_wconf 91' lang='lat' dir='ltr'>pes</span> 
     </span>
     <span class='ocr_line' id='line_1_15' title="bbox 431 2150 1574 2239; baseline -0.002 -22"><span class='ocrx_word' id='word_1_120' title='bbox 431 2163 583 2239; x_wconf 90' lang='lat' dir='ltr'>quattuor</span> <span class='ocrx_word' id='word_1_121' title='bbox 614 2150 810 2237; x_wconf 87' lang='lat' dir='ltr'>palmorum,</span> <span class='ocrx_word' id='word_1_122' title='bbox 844 2151 971 2237; x_wconf 92' lang='lat' dir='ltr'>palmus</span> <span class='ocrx_word' id='word_1_123' title='bbox 998 2163 1106 2216; x_wconf 89' lang='lat' dir='ltr'>autem</span> <span class='ocrx_word' id='word_1_124' title='bbox 1135 2152 1234 2216; x_wconf 88' lang='lat' dir='ltr'>habet</span> <span class='ocrx_word' id='word_1_125' title='bbox 1261 2160 1414 2238; x_wconf 89' lang='lat' dir='ltr'>quattuor</span> <span class='ocrx_word' id='word_1_126' title='bbox 1441 2150 1574 2236; x_wconf 87' lang='lat' dir='ltr'>digitos.</span> 
     </span>
     <span class='ocr_line' id='line_1_16' title="bbox 382 2252 1574 2339; baseline 0.001 -25"><span class='ocrx_word' id='word_1_127' title='bbox 382 2268 413 2314; x_wconf 82' lang='lat'>15</span> <span class='ocrx_word' id='word_1_128' title='bbox 431 2258 477 2320; x_wconf 86' lang='lat' dir='ltr'>ita</span> <span class='ocrx_word' id='word_1_129' title='bbox 506 2254 647 2318; x_wconf 85' lang='lat' dir='ltr'>efficitur</span> <span class='ocrx_word' id='word_1_130' title='bbox 668 2254 718 2318; x_wconf 92' lang='lat' dir='ltr'>uti</span> <span class='ocrx_word' id='word_1_131' title='bbox 739 2252 858 2318; x_wconf 88' lang='lat' dir='ltr'>habeat</span> <span class='ocrx_word' id='word_1_132' title='bbox 880 2277 937 2339; x_wconf 90' lang='lat' dir='ltr'>pes</span> <span class='ocrx_word' id='word_1_133' title='bbox 961 2252 1103 2318; x_wconf 88' lang='lat' dir='ltr'>sedecim</span> <span class='ocrx_word' id='word_1_134' title='bbox 1125 2254 1246 2338; x_wconf 84' lang='lat' dir='ltr'>digitos</span> <span class='ocrx_word' id='word_1_135' title='bbox 1270 2263 1302 2317; x_wconf 86' lang='lat' dir='ltr'>et</span> <span class='ocrx_word' id='word_1_136' title='bbox 1323 2252 1461 2317; x_wconf 89' lang='lat' dir='ltr'>totidem</span> <span class='ocrx_word' id='word_1_137' title='bbox 1483 2274 1574 2317; x_wconf 90' lang='lat' dir='ltr'>asses</span> 
     </span>
     <span class='ocr_line' id='line_1_17' title="bbox 429 2356 756 2431; baseline -0.012 -10"><span class='ocrx_word' id='word_1_138' title='bbox 429 2359 571 2431; x_wconf 85' lang='lat' dir='ltr'>aeratius</span> <span class='ocrx_word' id='word_1_139' title='bbox 593 2356 756 2419; x_wconf 90' lang='lat' dir='ltr'>denarius.</span> 
     </span>
    </p>

    <p class='ocr_par' dir='ltr' id='par_1_3' title="bbox 430 2453 1647 2747">
     <span class='ocr_line' id='line_1_18' title="bbox 514 2453 1647 2543; baseline -0.001 -21"><span class='ocrx_word' id='word_1_140' title='bbox 514 2459 603 2543; x_wconf 87' lang='lat' dir='ltr'>Ergo</span> <span class='ocrx_word' id='word_1_141' title='bbox 632 2458 660 2521; x_wconf 88' lang='lat' dir='ltr'>si</span> <span class='ocrx_word' id='word_1_142' title='bbox 679 2458 843 2524; x_wconf 87' lang='lat' dir='ltr'>convenit</span> <span class='ocrx_word' id='word_1_143' title='bbox 871 2479 914 2521; x_wconf 83' lang='lat' dir='ltr'>ex</span> <span class='ocrx_word' id='word_1_144' title='bbox 935 2457 1083 2522; x_wconf 82' lang='lat' dir='ltr'>articulis</span> <span class='ocrx_word' id='word_1_145' title='bbox 1104 2457 1245 2522; x_wconf 91' lang='lat' dir='ltr'>hominis</span> <span class='ocrx_word' id='word_1_146' title='bbox 1268 2479 1438 2521; x_wconf 90' lang='lat' dir='ltr'>numerum</span> <span class='ocrx_word' id='word_1_147' title='bbox 1460 2458 1606 2521; x_wconf 78' lang='lat' dir='ltr'>iuven-9</span> <span class='ocrx_word' id='word_1_148' title='bbox 1644 2453 1647 2456; x_wconf 61' lang='grc'><strong>’</strong></span> 
     </span>
     <span class='ocr_line' id='line_1_19' title="bbox 430 2559 1574 2645; baseline -0.002 -22"><span class='ocrx_word' id='word_1_149' title='bbox 430 2571 499 2623; x_wconf 86' lang='lat' dir='ltr'>tum</span> <span class='ocrx_word' id='word_1_150' title='bbox 532 2581 604 2623; x_wconf 92' lang='lat' dir='ltr'>esse</span> <span class='ocrx_word' id='word_1_151' title='bbox 637 2568 669 2622; x_wconf 88' lang='lat' dir='ltr'>et</span> <span class='ocrx_word' id='word_1_152' title='bbox 702 2581 744 2621; x_wconf 83' lang='lat' dir='ltr'>ex</span> <span class='ocrx_word' id='word_1_153' title='bbox 775 2559 929 2623; x_wconf 89' lang='lat' dir='ltr'>membris</span> <span class='ocrx_word' id='word_1_154' title='bbox 959 2560 1117 2645; x_wconf 88' lang='lat' dir='ltr'>separatis</span> <span class='ocrx_word' id='word_1_155' title='bbox 1146 2560 1189 2623; x_wconf 91' lang='lat' dir='ltr'>ad</span> <span class='ocrx_word' id='word_1_156' title='bbox 1215 2561 1403 2623; x_wconf 90' lang='lat' dir='ltr'>universam</span> <span class='ocrx_word' id='word_1_157' title='bbox 1430 2560 1574 2645; x_wconf 89' lang='lat' dir='ltr'>corporis</span> 
     </span>
     <span class='ocr_line' id='line_1_20' title="bbox 430 2660 1575 2747; baseline -0.001 -24"><span class='ocrx_word' id='word_1_158' title='bbox 430 2663 573 2747; x_wconf 90' lang='lat' dir='ltr'>speeiem</span> <span class='ocrx_word' id='word_1_159' title='bbox 594 2670 684 2722; x_wconf 88' lang='lat' dir='ltr'>ratae</span> <span class='ocrx_word' id='word_1_160' title='bbox 706 2662 808 2744; x_wconf 90' lang='lat' dir='ltr'>partis</span> <span class='ocrx_word' id='word_1_161' title='bbox 831 2682 1034 2724; x_wconf 86' lang='lat' dir='ltr'>commensus</span> <span class='ocrx_word' id='word_1_162' title='bbox 1056 2660 1128 2726; x_wconf 90' lang='lat' dir='ltr'>fieri</span> <span class='ocrx_word' id='word_1_163' title='bbox 1149 2682 1357 2745; x_wconf 86' lang='lat' dir='ltr'>responsum,</span> <span class='ocrx_word' id='word_1_164' title='bbox 1379 2661 1575 2747; x_wconf 86' lang='lat' dir='ltr'>relinquitur</span> 
     </span>
    </p>

    <p class='ocr_par' dir='ltr' id='par_1_4' title="bbox 379 2761 1573 2847">
     <span class='ocr_line' id='line_1_21' title="bbox 379 2761 1573 2847; baseline 0.003 -25"><span class='ocrx_word' id='word_1_165' title='bbox 379 2774 413 2823; x_wconf 74' lang='lat'>‘20</span> <span class='ocrx_word' id='word_1_166' title='bbox 430 2772 467 2826; x_wconf 90' lang='lat' dir='ltr'>ut</span> <span class='ocrx_word' id='word_1_167' title='bbox 500 2761 714 2847; x_wconf 87' lang='lat' dir='ltr'>suscipiamus</span> <span class='ocrx_word' id='word_1_168' title='bbox 749 2782 803 2825; x_wconf 92' lang='lat' dir='ltr'>eos</span> <span class='ocrx_word' id='word_1_169' title='bbox 837 2762 893 2847; x_wconf 93' lang='lat' dir='ltr'>qui</span> <span class='ocrx_word' id='word_1_170' title='bbox 926 2762 1024 2824; x_wconf 91' lang='lat' dir='ltr'>etiam</span> <span class='ocrx_word' id='word_1_171' title='bbox 1058 2761 1157 2826; x_wconf 88' lang='lat' dir='ltr'>aedes</span> <span class='ocrx_word' id='word_1_172' title='bbox 1192 2761 1326 2826; x_wconf 87' lang='lat' dir='ltr'>deorum</span> <span class='ocrx_word' id='word_1_173' title='bbox 1354 2761 1573 2828; x_wconf 82' lang='lat' dir='ltr'>inmortalium</span> 
     </span>
    </p>
   </div>
   <div class='ocr_carea' id='block_1_3' title="bbox 380 2853 1638 3458">
    <p class='ocr_par' dir='ltr' id='par_1_5' title="bbox 380 2853 1638 3458">
     <span class='ocr_line' id='line_1_22' title="bbox 431 2853 1572 2950; baseline 0 -22"><span class='ocrx_word' id='word_1_174' title='bbox 431 2863 664 2928; x_wconf 86' lang='lat' dir='ltr'>constituentes</span> <span class='ocrx_word' id='word_1_175' title='bbox 687 2863 734 2925; x_wconf 90' lang='lat' dir='ltr'>ita</span> <span class='ocrx_word' id='word_1_176' title='bbox 754 2862 900 2925; x_wconf 91' lang='lat' dir='ltr'>membra</span> <span class='ocrx_word' id='word_1_177' title='bbox 922 2853 1063 2948; x_wconf 43' lang='lat' dir='ltr'>operuma</span> <span class='ocrx_word' id='word_1_178' title='bbox 1078 2862 1312 2928; x_wconf 86' lang='lat' dir='ltr'>ordinaverunt</span> <span class='ocrx_word' id='word_1_179' title='bbox 1334 2875 1371 2928; x_wconf 89' lang='lat' dir='ltr'>ut</span> <span class='ocrx_word' id='word_1_180' title='bbox 1392 2865 1572 2950; x_wconf 89' lang='lat' dir='ltr'>proportio-</span> 
     </span>
     <span class='ocr_line' id='line_1_23' title="bbox 431 2964 1574 3050; baseline 0.002 -24"><span class='ocrx_word' id='word_1_181' title='bbox 431 2964 528 3027; x_wconf 92' lang='lat' dir='ltr'>nibus</span> <span class='ocrx_word' id='word_1_182' title='bbox 558 2971 590 3025; x_wconf 92' lang='lat' dir='ltr'>et</span> <span class='ocrx_word' id='word_1_183' title='bbox 613 2965 811 3049; x_wconf 87' lang='lat' dir='ltr'>symmetriis</span> <span class='ocrx_word' id='word_1_184' title='bbox 839 2974 1008 3050; x_wconf 78' lang='lat' dir='ltr'>separatae</span> <span class='ocrx_word' id='word_1_185' title='bbox 1028 2974 1126 3050; x_wconf 90' lang='lat' dir='ltr'>atque</span> <span class='ocrx_word' id='word_1_186' title='bbox 1148 2966 1322 3028; x_wconf 87' lang='lat' dir='ltr'>universae</span> <span class='ocrx_word' id='word_1_187' title='bbox 1343 2968 1574 3030; x_wconf 88' lang='lat' dir='ltr'>convenientes</span> 
     </span>
     <span class='ocr_line' id='line_1_24' title="bbox 414 3063 1053 3129; baseline 0.002 -2"><span class='ocrx_word' id='word_1_188' title='bbox 414 3065 637 3127; x_wconf 81' lang='lat' dir='ltr'>‘efficerentur</span> <span class='ocrx_word' id='word_1_189' title='bbox 660 3086 770 3128; x_wconf 89' lang='lat' dir='ltr'>eorum</span> <span class='ocrx_word' id='word_1_190' title='bbox 793 3063 1053 3129; x_wconf 88' lang='lat' dir='ltr'>distributiones.</span> 
     </span>
     <span class='ocr_line' id='line_1_25' title="bbox 515 3165 1638 3254; baseline 0.004 -26"><span class='ocrx_word' id='word_1_191' title='bbox 515 3165 657 3229; x_wconf 88' lang='lat' dir='ltr'>Aedium</span> <span class='ocrx_word' id='word_1_192' title='bbox 684 3175 794 3229; x_wconf 83' lang='lat' dir='ltr'>autem</span> <span class='ocrx_word' id='word_1_193' title='bbox 821 3168 983 3253; x_wconf 90' lang='lat' dir='ltr'>principia</span> <span class='ocrx_word' id='word_1_194' title='bbox 1014 3177 1089 3230; x_wconf 89' lang='lat' dir='ltr'>sunt</span> <span class='ocrx_word' id='word_1_195' title='bbox 1116 3190 1133 3230; x_wconf 93' lang='lat' dir='ltr'>e</span> <span class='ocrx_word' id='word_1_196' title='bbox 1160 3167 1278 3253; x_wconf 92' lang='lat' dir='ltr'>quibus</span> <span class='ocrx_word' id='word_1_197' title='bbox 1307 3179 1432 3233; x_wconf 90' lang='lat' dir='ltr'>constat</span> <span class='ocrx_word' id='word_1_198' title='bbox 1453 3169 1571 3254; x_wconf 86' lang='lat' dir='ltr'>figura·</span> <span class='ocrx_word' id='word_1_199' title='bbox 1591 3183 1638 3246; x_wconf 75' lang='grc' dir='ltr'>(ΙΙ)</span> 
     </span>
     <span class='ocr_line' id='line_1_26' title="bbox 380 3268 1573 3355; baseline 0.005 -27"><span class='ocrx_word' id='word_1_200' title='bbox 380 3281 412 3328; x_wconf 81' lang='lat'>25</span> <span class='ocrx_word' id='word_1_201' title='bbox 430 3292 502 3332; x_wconf 87' lang='lat' dir='ltr'>rum</span> <span class='ocrx_word' id='word_1_202' title='bbox 531 3277 693 3355; x_wconf 90' lang='lat' dir='ltr'>aspectus.</span> <span class='ocrx_word' id='word_1_203' title='bbox 743 3277 775 3330; x_wconf 89' lang='lat' dir='ltr'>et</span> <span class='ocrx_word' id='word_1_204' title='bbox 801 3268 941 3354; x_wconf 87' lang='lat' dir='ltr'>primum</span> <span class='ocrx_word' id='word_1_205' title='bbox 969 3269 1004 3331; x_wconf 92' lang='lat' dir='ltr'>in</span> <span class='ocrx_word' id='word_1_206' title='bbox 1030 3268 1133 3351; x_wconf 86' lang='lat' dir='ltr'>antis,</span> <span class='ocrx_word' id='word_1_207' title='bbox 1167 3269 1254 3354; x_wconf 91' lang='lat' dir='ltr'>quod</span> <span class='ocrx_word' id='word_1_208' title='bbox 1285 3290 1401 3353; x_wconf 84' lang='lat' dir='ltr'>graece</span> <span class='ocrx_word' id='word_1_209' title='bbox 1427 3293 1509 3346; x_wconf 83' lang='grc' dir='ltr'><strong><em>ναος</em></strong></span> <span class='ocrx_word' id='word_1_210' title='bbox 1532 3293 1573 3334; x_wconf 77' lang='lat' dir='ltr'>av</span> 
     </span>
     <span class='ocr_line' id='line_1_27' title="bbox 430 3368 1572 3458; baseline 0.003 -26"><span class='ocrx_word' id='word_1_211' title='bbox 430 3387 619 3452; x_wconf 80' lang='grc' dir='ltr'><em>παραστασι</em></span> <span class='ocrx_word' id='word_1_212' title='bbox 634 3370 770 3451; x_wconf 84' lang='lat' dir='ltr'>dicitur,</span> <span class='ocrx_word' id='word_1_213' title='bbox 785 3368 903 3432; x_wconf 89' lang='lat' dir='ltr'>deinde</span> <span class='ocrx_word' id='word_1_214' title='bbox 918 3368 1097 3454; x_wconf 86' lang='lat' dir='ltr'>prostylos,</span> <span class='ocrx_word' id='word_1_215' title='bbox 1119 3368 1409 3456; x_wconf 86' lang='lat' dir='ltr'>amphiprostylos,</span> <span class='ocrx_word' id='word_1_216' title='bbox 1432 3372 1572 3458; x_wconf 89' lang='lat' dir='ltr'>peripte-</span> 
     </span>
    </p>
   </div>
   <div class='ocr_carea' id='block_1_4' title="bbox 340 3533 1632 4787">
    <p class='ocr_par' dir='ltr' id='par_1_6' title="bbox 340 3533 1632 4787">
     <span class='ocr_line' id='line_1_28' title="bbox 500 3533 1571 3609; baseline 0.003 -21"><span class='ocrx_word' id='word_1_217' title='bbox 500 3540 663 3589; x_wconf 85' lang='lat' dir='ltr'>ldrachma</span> <span class='ocrx_word' id='word_1_218' title='bbox 683 3542 733 3589; x_wconf 86' lang='lat' dir='ltr'>GH</span> <span class='ocrx_word' id='word_1_219' title='bbox 746 3538 804 3604; x_wconf 82' lang='lat' dir='ltr'><em>(L),</em></span> <span class='ocrx_word' id='word_1_220' title='bbox 824 3541 935 3590; x_wconf 86' lang='lat' dir='ltr'>dracma</span> <span class='ocrx_word' id='word_1_221' title='bbox 954 3542 979 3592; x_wconf 85' lang='grc' dir='ltr'><em>Ε</em></span> <span class='ocrx_word' id='word_1_222' title='bbox 998 3540 1124 3606; x_wconf 86' lang='lat' dir='ltr'>(dragma</span> <span class='ocrx_word' id='word_1_223' title='bbox 1142 3542 1243 3605; x_wconf 61' lang='grc' dir='ltr'>ΨΜ).</span> <span class='ocrx_word' id='word_1_224' title='bbox 1271 3540 1283 3609; x_wconf 83' lang='grc' dir='ltr'>(Ι</span> <span class='ocrx_word' id='word_1_225' title='bbox 1311 3533 1464 3609; x_wconf 81' lang='lat' dir='ltr'>quauumo</span> <span class='ocrx_word' id='word_1_226' title='bbox 1481 3544 1571 3595; x_wconf 71' lang='lat' dir='ltr'>Sela:</span> 
     </span>
     <span class='ocr_line' id='line_1_29' title="bbox 431 3622 1571 3692; baseline 0.004 -20"><span class='ocrx_word' id='word_1_227' title='bbox 431 3639 485 3688; x_wconf 84' lang='lat' dir='ltr'>qua</span> <span class='ocrx_word' id='word_1_228' title='bbox 504 3640 614 3673; x_wconf 87' lang='lat' dir='ltr'>numero</span> <span class='ocrx_word' id='word_1_229' title='bbox 633 3624 711 3673; x_wconf 84' lang='lat' dir='ltr'>EGH</span> <span class='ocrx_word' id='word_1_230' title='bbox 731 3622 851 3688; x_wconf 88' lang='lat' dir='ltr'>(quoque</span> <span class='ocrx_word' id='word_1_231' title='bbox 871 3641 902 3675; x_wconf 92' lang='lat' dir='ltr'>eo</span> <span class='ocrx_word' id='word_1_232' title='bbox 920 3641 1032 3675; x_wconf 88' lang='lat' dir='ltr'>numero</span> <span class='ocrx_word' id='word_1_233' title='bbox 1049 3627 1127 3688; x_wconf 66' lang='lat' dir='ltr'>toa).</span> <span class='ocrx_word' id='word_1_234' title='bbox 1152 3623 1164 3691; x_wconf 87' lang='grc' dir='ltr'>ΙΙ</span> <span class='ocrx_word' id='word_1_235' title='bbox 1187 3628 1202 3675; x_wconf 74' lang='lat'>2</span> <span class='ocrx_word' id='word_1_236' title='bbox 1222 3642 1254 3676; x_wconf 85' lang='lat' dir='ltr'>ex</span> <span class='ocrx_word' id='word_1_237' title='bbox 1274 3643 1363 3691; x_wconf 89' lang='lat' dir='ltr'>aequo</span> <span class='ocrx_word' id='word_1_238' title='bbox 1380 3630 1451 3683; x_wconf 68' lang='lat' dir='ltr'>doc:</span> <span class='ocrx_word' id='word_1_239' title='bbox 1471 3643 1571 3692; x_wconf 83' lang='lat' dir='ltr'>exque</span> 
     </span>
     <span class='ocr_line' id='line_1_30' title="bbox 434 3705 1572 3780; baseline 0.003 -23"><span class='ocrx_word' id='word_1_240' title='bbox 434 3709 520 3760; x_wconf 85' lang='lat' dir='ltr'><em>EGH.</em></span> <span class='ocrx_word' id='word_1_241' title='bbox 536 3705 549 3774; x_wconf 77' lang='lat' dir='ltr'>ll</span> <span class='ocrx_word' id='word_1_242' title='bbox 565 3709 692 3774; x_wconf 69' lang='lat' dir='ltr'>triginti</span> <span class='ocrx_word' id='word_1_243' title='bbox 704 3713 833 3772; x_wconf 88' lang='lat' dir='ltr'>quattuor</span> <span class='ocrx_word' id='word_1_244' title='bbox 845 3711 874 3758; x_wconf 92' lang='lat' dir='ltr'><em>H</em></span> <span class='ocrx_word' id='word_1_245' title='bbox 887 3709 970 3774; x_wconf 85' lang='lat' dir='ltr'>(Llc):</span> <span class='ocrx_word' id='word_1_246' title='bbox 984 3710 1093 3759; x_wconf 84' lang='lat' dir='ltr'>XXIIII</span> <span class='ocrx_word' id='word_1_247' title='bbox 1102 3710 1159 3762; x_wconf 79' lang='lat' dir='ltr'>EG.</span> <span class='ocrx_word' id='word_1_248' title='bbox 1176 3709 1188 3776; x_wconf 87' lang='grc' dir='ltr'>Ι(</span> <span class='ocrx_word' id='word_1_249' title='bbox 1204 3711 1317 3776; x_wconf 83' lang='lat' dir='ltr'>dragma</span> <span class='ocrx_word' id='word_1_250' title='bbox 1329 3713 1415 3762; x_wconf 85' lang='lat' dir='ltr'><em>EGH.</em></span> <span class='ocrx_word' id='word_1_251' title='bbox 1432 3709 1445 3780; x_wconf 83' lang='grc' dir='ltr'>(Ι</span> <span class='ocrx_word' id='word_1_252' title='bbox 1460 3712 1572 3762; x_wconf 72' lang='lat' dir='ltr'>baetis:</span> 
     </span>
     <span class='ocr_line' id='line_1_31' title="bbox 430 3790 1594 3862; baseline 0.002 -20"><span class='ocrx_word' id='word_1_253' title='bbox 430 3798 468 3842; x_wconf 80' lang='lat' dir='ltr'>stc</span> <span class='ocrx_word' id='word_1_254' title='bbox 478 3793 558 3842; x_wconf 85' lang='lat' dir='ltr'>EGH</span> <span class='ocrx_word' id='word_1_255' title='bbox 568 3791 606 3854; x_wconf 84' lang='lat' dir='ltr'>(ut</span> <span class='ocrx_word' id='word_1_256' title='bbox 619 3794 706 3843; x_wconf 82' lang='lat' dir='ltr'>Varro</span> <span class='ocrx_word' id='word_1_257' title='bbox 716 3795 748 3843; x_wconf 85' lang='lat' dir='ltr'>de</span> <span class='ocrx_word' id='word_1_258' title='bbox 760 3797 776 3843; x_wconf 88' lang='lat' dir='ltr'>l.</span> <span class='ocrx_word' id='word_1_259' title='bbox 790 3797 805 3843; x_wconf 87' lang='lat' dir='ltr'>l.</span> <span class='ocrx_word' id='word_1_260' title='bbox 819 3799 843 3853; x_wconf 88' lang='grc'>5,</span> <span class='ocrx_word' id='word_1_261' title='bbox 857 3794 930 3860; x_wconf 82' lang='grc'>173).</span> <span class='ocrx_word' id='word_1_262' title='bbox 946 3790 959 3858; x_wconf 83' lang='grc' dir='ltr'>Ι(</span> <span class='ocrx_word' id='word_1_263' title='bbox 975 3794 1138 3859; x_wconf 86' lang='lat' dir='ltr'>compositio</span> <span class='ocrx_word' id='word_1_264' title='bbox 1152 3829 1158 3842; x_wconf 87' lang='lat'><strong>.</strong></span> <span class='ocrx_word' id='word_1_265' title='bbox 1170 3834 1193 3848; x_wconf 85' lang='lat'>..</span> <span class='ocrx_word' id='word_1_266' title='bbox 1208 3791 1363 3846; x_wconf 87' lang='lat' dir='ltr'>denarium:</span> <span class='ocrx_word' id='word_1_267' title='bbox 1381 3799 1420 3846; x_wconf 79' lang='lat' dir='ltr'>sie</span> <span class='ocrx_word' id='word_1_268' title='bbox 1430 3797 1517 3849; x_wconf 78' lang='lat' dir='ltr'><em>EGH.</em></span> <span class='ocrx_word' id='word_1_269' title='bbox 1528 3792 1541 3862; x_wconf 87' lang='grc' dir='ltr'>ΙΙ</span> <span class='ocrx_word' id='word_1_270' title='bbox 1555 3797 1572 3845; x_wconf 88' lang='grc'>8</span> <span class='ocrx_word' id='word_1_271' title='bbox 1589 3836 1594 3844; x_wconf 95' lang='grc'>.</span> 
     </span>
     <span class='ocr_line' id='line_1_32' title="bbox 432 3876 1571 3947; baseline 0.004 -22"><span class='ocrx_word' id='word_1_272' title='bbox 432 3881 531 3940; x_wconf 86' lang='lat' dir='ltr'>quarta</span> <span class='ocrx_word' id='word_1_273' title='bbox 540 3892 605 3941; x_wconf 84' lang='lat' dir='ltr'>pars</span> <span class='ocrx_word' id='word_1_274' title='bbox 615 3878 645 3926; x_wconf 87' lang='lat' dir='ltr'><em>H</em></span> <span class='ocrx_word' id='word_1_275' title='bbox 654 3876 737 3943; x_wconf 81' lang='lat' dir='ltr'>(Llc):</span> <span class='ocrx_word' id='word_1_276' title='bbox 751 3893 815 3943; x_wconf 88' lang='lat' dir='ltr'>pars</span> <span class='ocrx_word' id='word_1_277' title='bbox 825 3884 925 3943; x_wconf 84' lang='lat' dir='ltr'>quarta</span> <span class='ocrx_word' id='word_1_278' title='bbox 934 3880 992 3929; x_wconf 84' lang='lat' dir='ltr'>EG.</span> <span class='ocrx_word' id='word_1_279' title='bbox 1003 3876 1016 3945; x_wconf 86' lang='grc' dir='ltr'>(Ι</span> <span class='ocrx_word' id='word_1_280' title='bbox 1027 3883 1043 3929; x_wconf 83' lang='grc'><strong>9</strong></span> <span class='ocrx_word' id='word_1_281' title='bbox 1053 3884 1145 3929; x_wconf 88' lang='lat' dir='ltr'>autem</span> <span class='ocrx_word' id='word_1_282' title='bbox 1155 3879 1205 3929; x_wconf 84' lang='lat' dir='ltr'>EG</span> <span class='ocrx_word' id='word_1_283' title='bbox 1212 3897 1219 3928; x_wconf 75' lang='grc' dir='ltr'>ι</span> <span class='ocrx_word' id='word_1_284' title='bbox 1231 3894 1278 3934; x_wconf 78' lang='lat' dir='ltr'>orn.</span> <span class='ocrx_word' id='word_1_285' title='bbox 1290 3881 1318 3928; x_wconf 88' lang='lat' dir='ltr'><em>H</em></span> <span class='ocrx_word' id='word_1_286' title='bbox 1326 3881 1405 3946; x_wconf 85' lang='lat' dir='ltr'>(Llc).</span> <span class='ocrx_word' id='word_1_287' title='bbox 1418 3878 1431 3947; x_wconf 88' lang='grc' dir='ltr'>(Ι</span> <span class='ocrx_word' id='word_1_288' title='bbox 1444 3885 1476 3933; x_wconf 83' lang='grc'>10</span> <span class='ocrx_word' id='word_1_289' title='bbox 1484 3885 1571 3930; x_wconf 86' lang='lat' dir='ltr'>utrus-</span> 
     </span>
     <span class='ocr_line' id='line_1_33' title="bbox 432 3954 1570 4033; baseline 0.004 -23"><span class='ocrx_word' id='word_1_290' title='bbox 432 3977 483 4025; x_wconf 92' lang='lat' dir='ltr'>que</span> <span class='ocrx_word' id='word_1_291' title='bbox 502 3968 649 4033; x_wconf 24' lang='lat' dir='ltr'>ante-corr.</span> <span class='ocrx_word' id='word_1_292' title='bbox 669 3963 705 4011; x_wconf 89' lang='lat' dir='ltr'>H.</span> <span class='ocrx_word' id='word_1_293' title='bbox 729 3959 741 4028; x_wconf 81' lang='lat' dir='ltr'>ss</span> <span class='ocrx_word' id='word_1_294' title='bbox 765 3965 796 4012; x_wconf 80' lang='lat'>12</span> <span class='ocrx_word' id='word_1_295' title='bbox 816 3963 926 4013; x_wconf 87' lang='lat' dir='ltr'>decusis</span> <span class='ocrx_word' id='word_1_296' title='bbox 944 3966 1019 4014; x_wconf 85' lang='lat' dir='ltr'>sexis</span> <span class='ocrx_word' id='word_1_297' title='bbox 1037 3965 1068 4012; x_wconf 92' lang='lat' dir='ltr'><em>H</em></span> <span class='ocrx_word' id='word_1_298' title='bbox 1078 3954 1160 4027; x_wconf 70' lang='lat' dir='ltr'>(Lete,</span> <span class='ocrx_word' id='word_1_299' title='bbox 1177 3963 1347 4014; x_wconf 84' lang='lat' dir='ltr'>dccusrsexrs</span> <span class='ocrx_word' id='word_1_300' title='bbox 1365 3972 1425 4016; x_wconf 78' lang='lat' dir='ltr'>ante</span> <span class='ocrx_word' id='word_1_301' title='bbox 1442 3983 1512 4017; x_wconf 80' lang='lat' dir='ltr'>corr.</span> <span class='ocrx_word' id='word_1_302' title='bbox 1525 3964 1570 4025; x_wconf 81' lang='lat' dir='ltr'>L),</span> 
     </span>
     <span class='ocr_line' id='line_1_34' title="bbox 430 4043 1570 4115; baseline 0.004 -22"><span class='ocrx_word' id='word_1_303' title='bbox 430 4045 540 4098; x_wconf 78' lang='lat' dir='ltr'>decusis</span> <span class='ocrx_word' id='word_1_304' title='bbox 559 4062 608 4095; x_wconf 82' lang='lat' dir='ltr'>sex</span> <span class='ocrx_word' id='word_1_305' title='bbox 627 4046 667 4096; x_wconf 86' lang='lat' dir='ltr'>eis</span> <span class='ocrx_word' id='word_1_306' title='bbox 690 4046 748 4100; x_wconf 83' lang='lat' dir='ltr'>EG.</span> <span class='ocrx_word' id='word_1_307' title='bbox 775 4043 786 4112; x_wconf 88' lang='grc' dir='ltr'>(Ι</span> <span class='ocrx_word' id='word_1_308' title='bbox 815 4052 969 4097; x_wconf 85' lang='lat' dir='ltr'>auctorem:</span> <span class='ocrx_word' id='word_1_309' title='bbox 997 4047 1138 4098; x_wconf 86' lang='lat' dir='ltr'>ductorem</span> <span class='ocrx_word' id='word_1_310' title='bbox 1154 4048 1188 4102; x_wconf 86' lang='lat' dir='ltr'>E.</span> <span class='ocrx_word' id='word_1_311' title='bbox 1216 4043 1228 4112; x_wconf 84' lang='grc' dir='ltr'>(Ι</span> <span class='ocrx_word' id='word_1_312' title='bbox 1256 4049 1287 4098; x_wconf 79' lang='grc'>15</span> <span class='ocrx_word' id='word_1_313' title='bbox 1310 4049 1432 4099; x_wconf 82' lang='lat' dir='ltr'>sedecIm</span> <span class='ocrx_word' id='word_1_314' title='bbox 1455 4050 1484 4098; x_wconf 98' lang='lat' dir='ltr'><em>H</em></span> <span class='ocrx_word' id='word_1_315' title='bbox 1502 4048 1570 4115; x_wconf 86' lang='lat' dir='ltr'>(LI):</span> 
     </span>
     <span class='ocr_line' id='line_1_35' title="bbox 431 4127 1570 4199; baseline 0.004 -22"><span class='ocrx_word' id='word_1_316' title='bbox 431 4129 495 4178; x_wconf 90' lang='lat' dir='ltr'>XVI</span> <span class='ocrx_word' id='word_1_317' title='bbox 514 4130 539 4179; x_wconf 84' lang='lat' dir='ltr'><em>E</em></span> <span class='ocrx_word' id='word_1_318' title='bbox 562 4127 661 4195; x_wconf 76' lang='lat' dir='ltr'>(eccl),</span> <span class='ocrx_word' id='word_1_319' title='bbox 680 4131 748 4180; x_wconf 87' lang='lat' dir='ltr'>XIII</span> <span class='ocrx_word' id='word_1_320' title='bbox 766 4138 826 4181; x_wconf 84' lang='lat' dir='ltr'>unte</span> <span class='ocrx_word' id='word_1_321' title='bbox 844 4148 911 4180; x_wconf 83' lang='lat' dir='ltr'>corr.</span> <span class='ocrx_word' id='word_1_322' title='bbox 931 4131 961 4180; x_wconf 85' lang='lat' dir='ltr'>G.</span> <span class='ocrx_word' id='word_1_323' title='bbox 981 4128 994 4196; x_wconf 82' lang='grc' dir='ltr'>Ι(</span> <span class='ocrx_word' id='word_1_324' title='bbox 1016 4146 1079 4180; x_wconf 85' lang='lat' dir='ltr'>ases</span> <span class='ocrx_word' id='word_1_325' title='bbox 1099 4135 1129 4183; x_wconf 83' lang='lat' dir='ltr'>G.</span> <span class='ocrx_word' id='word_1_326' title='bbox 1157 4128 1170 4197; x_wconf 82' lang='grc'>1(</span> <span class='ocrx_word' id='word_1_327' title='bbox 1198 4133 1229 4181; x_wconf 87' lang='grc'>16</span> <span class='ocrx_word' id='word_1_328' title='bbox 1252 4134 1380 4183; x_wconf 79' lang='lat' dir='ltr'>aeracIus</span> <span class='ocrx_word' id='word_1_329' title='bbox 1403 4132 1504 4197; x_wconf 85' lang='lat' dir='ltr'>(-—tins</span> <span class='ocrx_word' id='word_1_330' title='bbox 1523 4131 1570 4199; x_wconf 81' lang='lat' dir='ltr'>G):</span> 
     </span>
     <span class='ocr_line' id='line_1_36' title="bbox 340 4212 1632 4282; baseline 0.005 -23"><span class='ocrx_word' id='word_1_331' title='bbox 340 4225 343 4233; x_wconf 87' lang='lat'>·</span> <span class='ocrx_word' id='word_1_332' title='bbox 428 4214 466 4260; x_wconf 80' lang='lat' dir='ltr'>sic</span> <span class='ocrx_word' id='word_1_333' title='bbox 480 4213 558 4262; x_wconf 83' lang='lat' dir='ltr'>EGH</span> <span class='ocrx_word' id='word_1_334' title='bbox 569 4214 678 4276; x_wconf 89' lang='lat' dir='ltr'>(aereus</span> <span class='ocrx_word' id='word_1_335' title='bbox 689 4217 740 4272; x_wconf 78' lang='lat' dir='ltr'>ed,</span> <span class='ocrx_word' id='word_1_336' title='bbox 754 4229 850 4265; x_wconf 85' lang='lat' dir='ltr'>aereos</span> <span class='ocrx_word' id='word_1_337' title='bbox 863 4216 939 4276; x_wconf 72' lang='lat' dir='ltr'>Puta,</span> <span class='ocrx_word' id='word_1_338' title='bbox 953 4216 1094 4264; x_wconf 89' lang='lat' dir='ltr'>auctatius</span> <span class='ocrx_word' id='word_1_339' title='bbox 1107 4218 1163 4266; x_wconf 80' lang='lat' dir='ltr'>olim</span> <span class='ocrx_word' id='word_1_340' title='bbox 1173 4214 1240 4281; x_wconf 75' lang='lat' dir='ltr'>epo).</span> <span class='ocrx_word' id='word_1_341' title='bbox 1257 4212 1269 4282; x_wconf 85' lang='grc' dir='ltr'>Ι(</span> <span class='ocrx_word' id='word_1_342' title='bbox 1285 4219 1318 4267; x_wconf 85' lang='grc'>19</span> <span class='ocrx_word' id='word_1_343' title='bbox 1329 4218 1417 4282; x_wconf 82' lang='lat' dir='ltr'>partis</span> <span class='ocrx_word' id='word_1_344' title='bbox 1428 4217 1491 4268; x_wconf 75' lang='lat' dir='ltr'>Ee:</span> <span class='ocrx_word' id='word_1_345' title='bbox 1509 4232 1572 4282; x_wconf 88' lang='lat' dir='ltr'>par·</span> <span class='ocrx_word' id='word_1_346' title='bbox 1626 4240 1632 4251; x_wconf 42' lang='lat' dir='ltr'>a</span> 
     </span>
     <span class='ocr_line' id='line_1_37' title="bbox 430 4295 1570 4367; baseline 0.005 -24"><span class='ocrx_word' id='word_1_347' title='bbox 430 4299 472 4345; x_wconf 86' lang='lat' dir='ltr'>tes</span> <span class='ocrx_word' id='word_1_348' title='bbox 485 4296 604 4360; x_wconf 80' lang='lat' dir='ltr'>H(L1⁶c,</span> <span class='ocrx_word' id='word_1_349' title='bbox 622 4304 702 4362; x_wconf 88' lang='lat' dir='ltr'>parte</span> <span class='ocrx_word' id='word_1_350' title='bbox 721 4306 780 4348; x_wconf 83' lang='lat' dir='ltr'>ante</span> <span class='ocrx_word' id='word_1_351' title='bbox 797 4314 866 4348; x_wconf 86' lang='lat' dir='ltr'>corr.</span> <span class='ocrx_word' id='word_1_352' title='bbox 884 4301 913 4362; x_wconf 84' lang='lat' dir='ltr'>t).</span> <span class='ocrx_word' id='word_1_353' title='bbox 936 4295 950 4364; x_wconf 82' lang='grc' dir='ltr'>(Ι</span> <span class='ocrx_word' id='word_1_354' title='bbox 971 4301 1005 4348; x_wconf 75' lang='lat'>20</span> <span class='ocrx_word' id='word_1_355' title='bbox 1026 4300 1210 4365; x_wconf 84' lang='lat' dir='ltr'>suscipiamus</span> <span class='ocrx_word' id='word_1_356' title='bbox 1232 4298 1261 4363; x_wconf 86' lang='grc' dir='ltr'>(ἰ.</span> <span class='ocrx_word' id='word_1_357' title='bbox 1279 4316 1301 4351; x_wconf 80' lang='lat' dir='ltr'>e.</span> <span class='ocrx_word' id='word_1_358' title='bbox 1322 4302 1471 4367; x_wconf 89' lang='lat' dir='ltr'>probemus</span> <span class='ocrx_word' id='word_1_359' title='bbox 1491 4302 1526 4364; x_wconf 80' lang='lat' dir='ltr'>cf.</span> <span class='ocrx_word' id='word_1_360' title='bbox 1540 4317 1570 4364; x_wconf 82' lang='lat' dir='ltr'>p.</span> 
     </span>
     <span class='ocr_line' id='line_1_38' title="bbox 430 4380 1570 4448; baseline 0.006 -21"><span class='ocrx_word' id='word_1_361' title='bbox 430 4383 469 4436; x_wconf 78' lang='grc'>66,</span> <span class='ocrx_word' id='word_1_362' title='bbox 489 4380 532 4444; x_wconf 85' lang='grc'>11)</span> <span class='ocrx_word' id='word_1_363' title='bbox 551 4381 629 4433; x_wconf 84' lang='lat' dir='ltr'>EGH</span> <span class='ocrx_word' id='word_1_364' title='bbox 642 4381 722 4447; x_wconf 74' lang='lat' dir='ltr'>(Lete,</span> <span class='ocrx_word' id='word_1_365' title='bbox 741 4383 923 4447; x_wconf 88' lang='lat' dir='ltr'>suspiciamus</span> <span class='ocrx_word' id='word_1_366' title='bbox 940 4390 1001 4434; x_wconf 85' lang='lat' dir='ltr'>unte</span> <span class='ocrx_word' id='word_1_367' title='bbox 1018 4399 1087 4434; x_wconf 85' lang='lat' dir='ltr'>corr.</span> <span class='ocrx_word' id='word_1_368' title='bbox 1105 4387 1137 4443; x_wconf 88' lang='lat' dir='ltr'>L,</span> <span class='ocrx_word' id='word_1_369' title='bbox 1157 4401 1254 4444; x_wconf 84' lang='lat' dir='ltr'>errore,</span> <span class='ocrx_word' id='word_1_370' title='bbox 1274 4394 1301 4435; x_wconf 84' lang='lat' dir='ltr'>ut</span> <span class='ocrx_word' id='word_1_371' title='bbox 1312 4390 1425 4436; x_wconf 79' lang='lat' dir='ltr'>consulto</span> <span class='ocrx_word' id='word_1_372' title='bbox 1439 4387 1517 4436; x_wconf 77' lang='lat' dir='ltr'>Pm.</span> <span class='ocrx_word' id='word_1_373' title='bbox 1534 4386 1570 4448; x_wconf 76' lang='lat' dir='ltr'>es.</span> 
     </span>
     <span class='ocr_line' id='line_1_39' title="bbox 434 4461 1568 4535; baseline 0.008 -25"><span class='ocrx_word' id='word_1_374' title='bbox 434 4463 500 4522; x_wconf 89' lang='lat' dir='ltr'>VII,</span> <span class='ocrx_word' id='word_1_375' title='bbox 518 4465 571 4527; x_wconf 77' lang='lat' dir='ltr'>prs.</span> <span class='ocrx_word' id='word_1_376' title='bbox 590 4463 627 4527; x_wconf 83' lang='grc'>8).</span> <span class='ocrx_word' id='word_1_377' title='bbox 654 4461 665 4528; x_wconf 85' lang='grc' dir='ltr'>ΙΙ</span> <span class='ocrx_word' id='word_1_378' title='bbox 693 4467 775 4515; x_wconf 89' lang='lat' dir='ltr'>etiam</span> <span class='ocrx_word' id='word_1_379' title='bbox 799 4483 846 4518; x_wconf 84' lang='lat' dir='ltr'>om.</span> <span class='ocrx_word' id='word_1_380' title='bbox 869 4467 902 4516; x_wconf 84' lang='grc' dir='ltr'>Ε.</span> <span class='ocrx_word' id='word_1_381' title='bbox 920 4464 932 4533; x_wconf 88' lang='grc' dir='ltr'>ΙΙ</span> <span class='ocrx_word' id='word_1_382' title='bbox 952 4468 1106 4518; x_wconf 83' lang='lat' dir='ltr'>mortalium</span> <span class='ocrx_word' id='word_1_383' title='bbox 1124 4474 1166 4527; x_wconf 80' lang='lat' dir='ltr'>et,</span> <span class='ocrx_word' id='word_1_384' title='bbox 1187 4467 1225 4532; x_wconf 86' lang='lat' dir='ltr'>(ut</span> <span class='ocrx_word' id='word_1_385' title='bbox 1241 4486 1323 4534; x_wconf 81' lang='lat' dir='ltr'>supra</span> <span class='ocrx_word' id='word_1_386' title='bbox 1338 4487 1369 4535; x_wconf 85' lang='lat' dir='ltr'>p.</span> <span class='ocrx_word' id='word_1_387' title='bbox 1392 4474 1425 4520; x_wconf 80' lang='lat'>⁶2</span> <span class='ocrx_word' id='word_1_388' title='bbox 1443 4477 1470 4520; x_wconf 85' lang='lat' dir='ltr'>et</span> <span class='ocrx_word' id='word_1_389' title='bbox 1486 4469 1539 4532; x_wconf 70' lang='lat' dir='ltr'>td).</span> <span class='ocrx_word' id='word_1_390' title='bbox 1556 4470 1568 4534; x_wconf 87' lang='grc' dir='ltr'>ΙΙ</span> 
     </span>
     <span class='ocr_line' id='line_1_40' title="bbox 429 4547 1569 4620; baseline 0.007 -27"><span class='ocrx_word' id='word_1_391' title='bbox 429 4547 462 4593; x_wconf 74' lang='lat'>22</span> <span class='ocrx_word' id='word_1_392' title='bbox 481 4548 678 4597; x_wconf 85' lang='lat' dir='ltr'>convenientes</span> <span class='ocrx_word' id='word_1_393' title='bbox 689 4550 745 4600; x_wconf 83' lang='lat' dir='ltr'>Joc.</span> <span class='ocrx_word' id='word_1_394' title='bbox 765 4547 855 4615; x_wconf 83' lang='lat' dir='ltr'>(rec.):</span> <span class='ocrx_word' id='word_1_395' title='bbox 875 4554 1126 4616; x_wconf 79' lang='lat' dir='ltr'>convenientesque</span> <span class='ocrx_word' id='word_1_396' title='bbox 1145 4554 1231 4604; x_wconf 85' lang='lat' dir='ltr'><em>EGH.</em></span> <span class='ocrx_word' id='word_1_397' title='bbox 1253 4553 1266 4620; x_wconf 82' lang='grc' dir='ltr'>Ι(</span> <span class='ocrx_word' id='word_1_398' title='bbox 1288 4557 1321 4606; x_wconf 79' lang='grc'>23</span> <span class='ocrx_word' id='word_1_399' title='bbox 1338 4570 1432 4605; x_wconf 87' lang='lat' dir='ltr'>eorum</span> <span class='ocrx_word' id='word_1_400' title='bbox 1444 4554 1473 4602; x_wconf 92' lang='lat' dir='ltr'><em>H</em></span> <span class='ocrx_word' id='word_1_401' title='bbox 1486 4552 1569 4616; x_wconf 80' lang='lat' dir='ltr'>(Llc):</span> 
     </span>
     <span class='ocr_line' id='line_1_41' title="bbox 429 4628 1568 4704; baseline 0.011 -28"><span class='ocrx_word' id='word_1_402' title='bbox 429 4644 539 4692; x_wconf 88' lang='lat' dir='ltr'>operum</span> <span class='ocrx_word' id='word_1_403' title='bbox 560 4631 615 4682; x_wconf 84' lang='lat' dir='ltr'>EG.</span> <span class='ocrx_word' id='word_1_404' title='bbox 639 4628 652 4696; x_wconf 83' lang='grc' dir='ltr'>Ι]</span> <span class='ocrx_word' id='word_1_405' title='bbox 674 4632 893 4699; x_wconf 87' lang='lat' dir='ltr'>distributiones]</span> <span class='ocrx_word' id='word_1_406' title='bbox 910 4638 951 4686; x_wconf 75' lang='lat' dir='ltr'>dic</span> <span class='ocrx_word' id='word_1_407' title='bbox 972 4639 1065 4686; x_wconf 79' lang='lat' dir='ltr'>desinit</span> <span class='ocrx_word' id='word_1_408' title='bbox 1082 4639 1116 4687; x_wconf 87' lang='lat' dir='ltr'>E.</span> <span class='ocrx_word' id='word_1_409' title='bbox 1140 4634 1152 4703; x_wconf 91' lang='grc' dir='ltr'>Ι(</span> <span class='ocrx_word' id='word_1_410' title='bbox 1174 4640 1207 4687; x_wconf 81' lang='grc'>25</span> <span class='ocrx_word' id='word_1_411' title='bbox 1226 4643 1255 4687; x_wconf 91' lang='lat' dir='ltr'>et</span> <span class='ocrx_word' id='word_1_412' title='bbox 1277 4647 1336 4689; x_wconf 80' lang='lat' dir='ltr'>ante</span> <span class='ocrx_word' id='word_1_413' title='bbox 1353 4655 1422 4692; x_wconf 82' lang='lat' dir='ltr'>corr.</span> <span class='ocrx_word' id='word_1_414' title='bbox 1441 4655 1489 4691; x_wconf 78' lang='lat' dir='ltr'>om.</span> <span class='ocrx_word' id='word_1_415' title='bbox 1509 4638 1538 4688; x_wconf 84' lang='lat' dir='ltr'>G.</span> <span class='ocrx_word' id='word_1_416' title='bbox 1554 4635 1568 4704; x_wconf 84' lang='grc' dir='ltr'>Ι(</span> 
     </span>
     <span class='ocr_line' id='line_1_42' title="bbox 430 4715 1331 4787; baseline 0.017 -27"><span class='ocrx_word' id='word_1_417' title='bbox 430 4726 533 4761; x_wconf 88' lang='lat' dir='ltr'>naosen</span> <span class='ocrx_word' id='word_1_418' title='bbox 552 4717 710 4780; x_wconf 79' lang='lat' dir='ltr'>parastasIn</span> <span class='ocrx_word' id='word_1_419' title='bbox 730 4718 789 4767; x_wconf 84' lang='lat' dir='ltr'>GH.</span> <span class='ocrx_word' id='word_1_420' title='bbox 818 4715 830 4784; x_wconf 85' lang='grc' dir='ltr'>Ι(</span> <span class='ocrx_word' id='word_1_421' title='bbox 857 4721 890 4768; x_wconf 79' lang='lat'>26</span> <span class='ocrx_word' id='word_1_422' title='bbox 907 4720 1037 4785; x_wconf 86' lang='lat' dir='ltr'>prostilos</span> <span class='ocrx_word' id='word_1_423' title='bbox 1056 4721 1148 4787; x_wconf 88' lang='lat' dir='ltr'>amphi</span> <span class='ocrx_word' id='word_1_424' title='bbox 1165 4722 1282 4787; x_wconf 86' lang='lat' dir='ltr'>protilos</span> <span class='ocrx_word' id='word_1_425' title='bbox 1300 4723 1331 4775; x_wconf 76' lang='lat' dir='ltr'>G.</span> 
     </span>
    </p>
   </div>
   <div class='ocr_carea' id='block_1_5' title="bbox 0 0 1896 5625">
    <p class='ocr_par' dir='ltr' id='par_1_7' title="bbox 0 0 1896 5625">
     <span class='ocr_line' id='line_1_43' title="bbox 0 0 1896 5625; baseline 0 2"><span class='ocrx_word' id='word_1_426' title='bbox 0 0 1896 5625; x_wconf 95' lang='lat' dir='ltr'> </span> 
     </span>
    </p>
   </div>
  </div>
 </body>
</html>
