3784 5625
672 666 719 714 nn
741 665 1009 715 iucurrncrucs
1031 667 1098 715 urs.
1121 667 1196 716 v111.
1444 652 1503 718 187

362 831 445 903 tres,
472 819 557 885 altus
579 819 680 908 pedes
702 820 860 906 quinque,
888 820 923 884 in
945 842 1046 906 eoque
1068 819 1253 887 conlocetur
1275 821 1405 887 circiter
1426 822 1503 886 solis

362 945 513 988 occasum
535 921 704 1008 scaphium
725 944 856 986 aereum
878 932 935 986 aut
956 921 1144 1009 plumbeum
1165 931 1222 989 aut
1243 922 1360 1010 pelvis.
1396 945 1438 987 ex
1452 923 1503 987 his

362 1022 450 1111 quod
471 1025 533 1089 crit
555 1032 720 1110 paratum,
751 1021 788 1086 id
809 1024 1005 1088 intrinsecus
1037 1023 1107 1089 oleo
1134 1034 1275 1109 ungatur
1302 1034 1504 1112 ponaturque

362 1128 540 1208 inversum,
557 1134 589 1190 et
604 1147 730 1190 summa
744 1126 873 1191 fossura
883 1127 1048 1213 operiatur
1058 1126 1296 1194 harundinibus
1308 1136 1365 1192 aut
1376 1126 1503 1208 fronde,

364 1250 462 1315 supra
483 1237 571 1292 terra
592 1225 758 1310 obruatur,
781 1237 850 1293 tum
872 1235 1003 1315 postero
1018 1229 1073 1292 die
1086 1229 1262 1316 aperiatur,
1286 1239 1318 1293 et
1333 1230 1410 1294 siin
1425 1251 1505 1293 vaso
1523 1243 1539 1291 5

330 1329 471 1396 estillae
498 1328 698 1416 sudoresque
726 1339 836 1411 erunt,
864 1330 893 1394 is
921 1328 1012 1395 locus
1038 1330 1173 1395 habebit
1199 1353 1326 1417 aquam.
1370 1332 1448 1396 item
1476 1332 1505 1395 si

364 1453 423 1495 vas
456 1451 498 1494 ex
531 1441 620 1496 creta
653 1430 776 1495 factum
814 1453 879 1495 non
918 1434 1046 1495 coctum
1078 1433 1113 1496 in
1145 1454 1183 1496 ea
1215 1432 1357 1498 fossione
1391 1432 1505 1497 eadem
1540 1445 1545 1456 ’

364 1533 491 1597 ratione
513 1543 661 1620 opertum
682 1536 825 1619 positum
847 1533 962 1615 fuerit,
991 1534 1020 1597 si
1041 1534 1070 1598 is
1092 1534 1182 1599 locus
1203 1557 1321 1621 aquam
1342 1534 1504 1616 habuerit,

364 1656 438 1698 cum
465 1644 613 1721 apertum
640 1634 756 1717 fuerit,
791 1656 849 1699 vas
877 1633 1024 1699 umidum
1052 1637 1113 1701 erit
1146 1645 1178 1700 et
1210 1638 1276 1700 iam
1309 1636 1506 1703 dissolvetur

363 1736 406 1800 ab
423 1722 546 1802 umore.
583 1735 754 1823 vellusque
776 1737 868 1801 lanae
891 1738 919 1801 si
942 1736 1146 1802 conlocatum
1168 1738 1230 1801 erit
1251 1738 1285 1803 in
1308 1760 1346 1802 ea
1368 1740 1505 1821 fossura,
1527 1753 1557 1801 lo

364 1838 551 1925 insequenti
572 1847 682 1903 autem
711 1837 764 1902 die
787 1837 828 1902 de
852 1860 889 1903 eo
911 1860 996 1925 aqua
1018 1860 1175 1927 expressa
1202 1840 1280 1922 erit,
1308 1839 1507 1925 significabit

365 1962 440 2004 eum
453 1939 561 2006 locum
575 1939 695 2005 habere
715 1941 852 2027 copiam.
895 1963 962 2004 non
982 1942 1089 2006 minus
1112 1942 1141 2006 si
1162 1942 1295 2005 lucerna
1315 1942 1507 2007 concinnata

364 2041 493 2129 oleique
513 2041 611 2128 plens
632 2051 665 2108 et
688 2063 826 2107 accensa
851 2043 886 2107 in
913 2064 951 2106 eo
978 2041 1049 2107 loco
1077 2052 1189 2130 operta
1215 2043 1315 2107 luerit
1341 2042 1508 2110 conlocata

365 2153 398 2208 et
419 2152 549 2230 postero
578 2143 632 2208 dic
660 2166 726 2208 non
753 2145 815 2209 erit
841 2154 974 2227 exusta,
998 2143 1061 2208 'sed
1088 2143 1239 2209 habuerit
1266 2143 1421 2230 reliquias
1444 2143 1507 2208 olei

366 2254 398 2310 et
420 2243 586 2331 enlychnii
606 2246 744 2332 ipsaque
764 2245 875 2310 umida
896 2247 1098 2328 invenietur,
1121 2245 1281 2310 indicabit
1304 2267 1379 2310 eum
1401 2244 1507 2309 locum
1526 2260 1557 2318 15

364 2345 486 2411 habere
507 2368 639 2433 aquam,
668 2346 742 2412 ideo
771 2346 858 2433 quod
885 2348 989 2412 omnis
1016 2357 1109 2434 tepor
1130 2347 1173 2411 ad
1195 2369 1231 2411 se
1253 2346 1344 2412 ducit
1366 2368 1504 2412 umores.
1531 2342 1534 2357 '

365 2449 446 2513 item
466 2448 502 2512 in
524 2470 561 2515 eo
583 2450 655 2515 loco
676 2450 763 2534 ignis
786 2448 892 2527 factus
912 2450 941 2512 si
963 2449 1062 2514 fuerit
1084 2457 1116 2513 et
1138 2446 1355 2535 percalefacta
1369 2458 1456 2513 terra
1472 2458 1504 2513 et

365 2548 482 2615 adusta
503 2572 659 2638 vaporem
679 2550 872 2615 nebulosum
894 2572 937 2615 ex
960 2572 994 2615 se
1009 2550 1236 2635 suscitaverit,
1259 2550 1288 2615 is
1303 2550 1393 2616 locus
1407 2549 1505 2615 habe·
1568 2559 1573 2581 ²

331 2649 415 2718 obit
435 2673 566 2739 aquarn.
609 2675 683 2718 cum
710 2653 790 2716 haec
812 2653 858 2717 ita
881 2661 976 2718 erunt
997 2660 1216 2740 pertemptata
1242 2660 1275 2717 et
1303 2674 1385 2740 quae
1407 2664 1512 2740 supra¹

366 2754 489 2841 scripta
511 2763 587 2821 sunt
608 2756 705 2841 signa
727 2756 877 2840 inventa,
907 2764 978 2821 tum
1005 2753 1237 2842 deprimendus
1260 2763 1310 2820 est
1331 2764 1450 2843 puteus
1472 2754 1507 2818 in
1524 2773 1558 2822 ao

367 2877 404 2921 eo
426 2853 498 2923 loco
520 2858 604 2922 etsi
625 2858 687 2923 erit
713 2866 811 2945 caput
837 2879 941 2943 aquae
967 2859 1153 2940 inventum,
1181 2856 1289 2944 plures
1318 2859 1405 2922 circa
1432 2865 1508 2921 sunt

366 2956 515 3023 fodiendi
536 2967 569 3024 et
590 2981 649 3046 per
670 2980 787 3046 specus
809 2961 845 3024 in
865 2981 967 3023 unum
988 2959 1094 3026 locum
1115 2981 1226 3024 omnes
1249 2958 1464 3024 conducendi.

450 3058 544 3125 Haec
564 3061 839 3126 autemmaxime
860 3061 896 3125 in
922 3060 1089 3128 montibus
1110 3070 1143 3126 et
1164 3061 1353 3148 regionibus
1379 3072 1506 3148 septen·

366 3160 559 3229 trionalibus
587 3172 664 3229 sunt
691 3163 892 3250 quaerenda,
908 3235 910 3238 ,
926 3185 964 3227 eo
992 3163 1080 3249 quod
1105 3164 1140 3227 in
1167 3163 1219 3229 his
1248 3173 1280 3229 et
1302 3165 1454 3228 suaviora
1476 3173 1508 3227 et

367 3260 547 3330 salubriora
568 3274 601 3329 et
623 3266 803 3352 copiosiora
824 3267 1045 3332 inveniuntur.
1088 3266 1197 3331 aversi
1225 3265 1311 3330 enim
1333 3273 1409 3330 sunt
1430 3264 1558 3333 solisne

368 3367 486 3450 cursui,
511 3368 599 3431 etin
621 3367 671 3431 his
694 3365 774 3432 locis
797 3370 938 3454 primum
961 3367 1093 3432 crebrae
1115 3377 1191 3433 sunt
1211 3367 1345 3433 arbores
1361 3376 1394 3432 et
1408 3366 1506 3433 silvo-

368 3489 422 3531 sac
443 3469 574 3556 ipsique
600 3477 727 3536 montes
754 3466 829 3534 suas
858 3469 981 3537 habent
1008 3469 1140 3535 umbras
1169 3470 1336 3536 obstantes
1364 3477 1396 3533 et
1422 3469 1508 3558 radii

366 3569 444 3635 solis
465 3592 531 3636 non
553 3570 670 3635 directi
691 3573 886 3658 perveniunt
911 3571 956 3638 ad
984 3581 1105 3638 terram
1132 3593 1193 3636 nec
1219 3581 1357 3660 possunt
1378 3593 1507 3636 umores

436 3762 526 3810 ltres
555 3759 630 3824 altus
655 3760 754 3826 pedes:
785 3778 831 3814 om.
861 3762 918 3818 GH,
945 3763 1008 3812 add.
1032 3758 1129 3826 (pedes
1152 3764 1209 3812 tres
1232 3761 1306 3812 altus
1331 3767 1391 3826 post
1420 3760 1506 3825 letus)

367 3843 509 3894 Phliuntios·
530 3860 566 3894 0ae
587 3846 649 3910 epil.
670 3841 682 3911 ΙΙ
705 3847 835 3910 ἳεααρίῖι
861 3846 890 3896 G.
913 3842 924 3912 Η
948 3846 1009 3896 sid
1035 3861 1095 3910 eqo:
1118 3844 1199 3908 idque
1224 3845 1282 3895 GH,
1312 3841 1325 3911 ΙΙ
1351 3847 1368 3894 4
1395 3859 1507 3910 operea-

369 3930 412 3979 tur
433 3928 473 3982 Η.
492 3923 506 3994 ΙΙ
529 3929 641 3980 eraso:
668 3931 706 3999 sic
722 3930 783 3983 GH
797 3929 838 3993 (lc,
856 3945 924 3981 vose
942 3929 987 3993 L).
1007 3926 1019 3995 ΙΙ
1039 3932 1055 3979 6
1072 3929 1186 3981 sudores
1206 3929 1239 3978 G:
1262 3929 1335 3979 —ris
1352 3929 1382 3978 H
1400 3926 1478 3992 (Llc).
1492 3925 1504 3991 ll

355 4012 384 4071 ,7
400 4026 497 4065 vasum
519 4013 573 4064 GH
595 4014 656 4077 (vas
678 4012 746 4078 Llc).
771 4010 784 4080 ΙΙ
806 4018 823 4066 8
844 4017 943 4080 oportir
961 4020 1021 4064 ante
1042 4030 1112 4066 cerr.
1136 4017 1166 4067 G.
1190 4010 1204 4080 ΙΙ
1228 4016 1244 4063 9
1267 4016 1303 4064 cu
1320 4013 1388 4076 aptr'r
1407 4012 1505 4063 luerit:

367 4097 435 4147 linea
453 4096 578 4148 adducta
599 4098 663 4148 hacc
685 4095 771 4163 (quasi
791 4115 826 4149 erc
849 4100 954 4163 αἰειορν.
977 4109 1036 4148 eo.
1054 4101 1070 4148 8
1088 4096 1160 4161 nola)
1184 4100 1251 4148 delet
1268 4113 1331 4148 uma
1350 4096 1393 4147 G0.
1416 4092 1429 4162 ΙΙ
1455 4111 1507 4147 vas

367 4179 487 4231 umidum
505 4180 588 4246 (-dir
608 4181 640 4245 G)
659 4180 712 4233 GH
727 4179 853 4245 (humidi
871 4181 938 4245 Llc).
960 4178 973 4247 ss
992 4185 1022 4232 ct
1037 4181 1092 4233 iem
1111 4171 1179 4245 (ctio
1195 4181 1244 4242 L):
1268 4181 1354 4232 etiam
1373 4175 1457 4247 ΜΠ
1474 4183 1504 4230 11

258 4294 263 4309 ·
368 4283 401 4348 06
418 4288 508 4349 locum
525 4297 575 4354 nc.
599 4295 611 4366 ι]
635 4301 667 4351 15
686 4299 825 4364 enlychnii
843 4299 987 4365 (errysunn
1008 4299 1091 4364 aab
1116 4299 1242 4364 rnryounr
1264 4299 1294 4349 rr
1315 4297 1346 4363 (ι,
1370 4289 1506 4364 ruyensis

367 4386 408 4438 cle,
426 4383 545 4435 inlichni
561 4384 607 4448 h),
624 4383 745 4450 {lychni
769 4380 877 4446 (thoroso
899 4386 992 4434 litteris
1013 4383 1106 4446 οναώ)
1130 4384 1174 4437 Ga
1197 4380 1210 4450 ΙΙ
1234 4386 1266 4435 17
1289 4384 1382 4435 factus
1404 4386 1440 4435 si:
1467 4386 1506 4435 sic

369 4467 427 4518 GH.
446 4463 461 4535 ll
479 4469 652 4534 perealfacta
671 4470 725 4521 GH
739 4468 808 4533 (lle,
826 4467 1017 4533 percalefacta
1031 4468 1086 4533 00),
1101 4463 1114 4535 ll
1133 4471 1165 4518 21
1185 4468 1237 4519 crit
1249 4472 1346 4535 caput:
1363 4471 1401 4520 ric
1415 4469 1474 4524 GH.
1491 4467 1503 4533 lt

368 4553 444 4603 circe
460 4557 538 4604 sunt:
563 4547 602 4605 ric
626 4555 683 4604 GH.
707 4550 720 4620 ΙΙ
740 4556 774 4604 22
796 4568 846 4618 per
866 4565 965 4618 specus
987 4550 1219 4618 (=perspccuus)
1241 4556 1295 4610 ed:
1321 4554 1452 4620 ppsicuus
1475 4557 1504 4614 G,

367 4638 531 4702 perspicuus
542 4639 574 4689 H
584 4638 664 4703 (Llc).
680 4635 692 4705 ΙΙ
708 4642 740 4690 23
754 4639 832 4688 Haec
845 4674 851 4687 .
862 4674 868 4687 .
880 4676 887 4691 .
899 4639 957 4688 lunc
974 4639 1057 4688 denuo
1067 4638 1117 4688 icc.
1130 4638 1164 4691 E.
1179 4634 1193 4704 ΙΙ
1208 4642 1237 4689 et
1248 4640 1408 4705 regionibus
1417 4655 1466 4691 om.
1479 4640 1504 4690 Ε

368 4719 427 4784 (nou
438 4721 480 4784 0).
497 4719 510 4790 ΙΙ
525 4724 558 4774 26
571 4723 666 4774 arbres
677 4723 714 4773 Η.
729 4719 742 4790 ΙΙ
757 4724 790 4774 27
803 4724 831 4774 ct
844 4717 878 4799 (tr
886 4721 953 4789 ΕΗ)
1011 4723 1177 4789 perveniunt
1186 4766 1192 4780 .
1201 4759 1222 4778 ..
1233 4729 1360 4790 possunt:
1371 4724 1504 4778 rr'cEGH.
