3784 5625
385 646 444 710 164
871 660 1029 707 vrrnuvn

380 836 452 876 rum
473 813 663 897 compositio
686 810 814 895 planam
837 811 957 874 habeat
977 811 1063 873 inter
1085 833 1120 873 se
1142 810 1364 884 directionem.
1410 811 1438 872 si
1459 818 1521 873 tes·

381 916 461 977 seris
485 921 642 977 structum
666 913 743 992 erit,
767 920 803 975 ut
825 933 881 974 eae
904 933 1014 975 omnes
1037 909 1173 996 angulos
1195 910 1337 974 habeant
1359 908 1521 995 aequales.

381 1037 453 1077 cum
487 1015 573 1076 enim
601 1012 713 1097 anguli
741 1036 805 1076 non
831 1005 954 1076 fuerint
981 1034 1091 1076 omnes
1119 1011 1298 1098 aequaliter
1319 1010 1426 1096 plani,
1458 1034 1523 1074 non

381 1117 442 1178 erit
470 1123 584 1177 exacta
614 1124 650 1177 ut
678 1123 804 1199 oportet
833 1113 999 1177 fricatura.
1049 1114 1128 1175 item
1155 1121 1297 1176 testacea
1319 1112 1447 1198 spicata
1468 1111 1522 1174 Ti·

347 1216 511 1280 5burtina
533 1224 608 1279 sunt
630 1214 805 1299 diligenter
827 1214 998 1299 exigenda,
1021 1223 1058 1277 ut
1079 1236 1120 1276 ne
1142 1213 1282 1276 habeant
1303 1212 1437 1275 lacunas
1465 1199 1523 1274 nec

380 1326 530 1382 extantes
550 1316 702 1398 tumulos,
726 1316 783 1379 sed
804 1317 870 1379 sint
893 1324 1025 1378 extenta
1047 1325 1078 1379 et
1106 1313 1148 1377 ad
1170 1313 1315 1397 regulam
1338 1313 1524 1400 perfricata.

382 1441 498 1505 super,
528 1417 684 1480 fricatura
710 1416 963 1501 levigationibus
992 1424 1024 1478 et
1053 1414 1202 1502 polituris
1231 1437 1304 1477 cum
1330 1413 1432 1478 fuerit
1453 1435 1524 1499 per-

381 1519 477 1599 fecta,
501 1520 687 1582 incernatur
708 1540 859 1599 marmor,
883 1527 914 1581 et
937 1540 1035 1604 supra
1057 1516 1175 1581 loricae
1190 1538 1232 1579 ex
1247 1516 1335 1579 calce
1350 1524 1383 1578 et
1405 1514 1526 1577 harena

381 1620 586 1685 inducantur.

332 1734 364 1781 10
468 1721 535 1786 Sub
564 1720 621 1783 diu
648 1742 724 1785 vero
747 1722 889 1783 maxime
911 1720 1029 1785 idonea
1050 1719 1204 1784 faciunda
1226 1727 1302 1783 sunt
1324 1719 1556 1804 pavimentant

382 1822 468 1908 quod
484 1822 743 1904 contignationes
758 1843 870 1886 umore
885 1831 1067 1885 crescentes
1088 1832 1145 1885 aut
1167 1822 1323 1907 siccitate¹
1337 1818 1525 1881 decrescen-

352 1959 353 1962 ¹
379 1934 430 1987 tes
460 1944 517 1987 seu
539 1921 791 2008 pandationibus
814 1923 958 1986 sidentes
979 1922 1140 1986 movendo
1162 1944 1197 1985 se
1218 1921 1343 1987 faciunt
1365 1921 1450 1984 vitia
1471 1940 1525 2006 pa·

381 2025 535 2088 vimentis
544 2061 559 2105 ·,
588 2033 756 2110 praeterea
784 2018 938 2107 gelicidia
960 2034 992 2087 et
1013 2026 1147 2111 pruinae
1168 2047 1233 2089 non
1255 2024 1425 2109 patiuntur
1445 2022 1525 2104 ipte-

381 2148 440 2210 gra
475 2146 674 2212 permanere.
728 2126 838 2210 itaque
872 2125 899 2187 si
936 2127 1113 2189 necessitas
1148 2126 1300 2209 coegerit,
1334 2132 1372 2187 ut
1393 2124 1526 2186 minime

330 2238 363 2285 15
381 2228 500 2290 vitiosa
514 2226 594 2289 fiant
615 2228 663 2289 sic
686 2227 747 2289 erit
768 2224 968 2290 faciundum.
1013 2248 1085 2288 cum
1108 2236 1279 2290 coaxatum
1294 2225 1406 2306 fuerit,
1431 2244 1526 2308 super

381 2327 482 2392 altera
510 2328 659 2391 coaxatio
686 2335 872 2390 transversa
900 2335 1064 2391 sternatur
1086 2326 1252 2413 clavisque
1272 2326 1340 2389 fixa
1363 2323 1526 2410 duplicem

381 2431 536 2516 praebeat
554 2429 789 2513 contignationi
808 2426 1041 2491 loricationem.
1079 2428 1198 2491 deinde
1219 2426 1331 2492 ruderi
1352 2449 1440 2491 novo
1463 2435 1524 2489 ter-

381 2532 428 2593 tia
455 2552 530 2616 pars
554 2538 656 2593 testae
678 2540 792 2594 tunsae
815 2529 1034 2592 admisceatur
1057 2528 1220 2613 calcisque
1243 2529 1328 2592 duae
1350 2536 1462 2613 partes
1484 2525 1524 2588 ad

382 2632 524 2717 quinque
551 2632 698 2695 mortarii
719 2629 933 2693 mixtionibus
956 2638 1123 2716 praestent
1143 2650 1344 2716 responsum.
1380 2628 1555 2693 statumit

331 2734 513 2795 adustione
541 2732 643 2812 faeta,
671 2729 771 2794 rudus
795 2731 985 2811 inducatur,
1013 2731 1111 2817 idque
1133 2732 1255 2818 pistum
1276 2729 1465 2795 absolutum
1486 2750 1526 2791 ne

272 2906 276 2913 g
381 2835 488 2896 minus
517 2833 601 2918 pede
629 2832 672 2894 sit
701 2853 854 2897 crassum.
902 2843 981 2896 tunc
1007 2841 1116 2896 autem
1144 2831 1258 2897 nucleo
1285 2833 1446 2915 inducto,
1479 2831 1525 2894 uti

382 2956 481 3020 supra
513 2933 669 3018 scriptum
702 2943 772 3017 est,
806 2935 1030 3019 pavimentum
1057 2957 1074 2997 e
1101 2943 1224 2998 tessera
1250 2934 1370 3018 grandi
1398 2934 1527 2997 circiter

382 3034 496 3098 binum
511 3034 651 3118 digitum
673 3055 767 3098 caesa
789 3043 932 3098 struatur
954 3035 1122 3120 fastigium
1144 3035 1267 3099 habens
1289 3036 1326 3099 in
1346 3035 1450 3120 pedes
1474 3034 1525 3097 de-

383 3159 441 3199 nos
466 3136 587 3220 digitos
610 3133 721 3218 binos,
746 3136 831 3222 quod
855 3138 882 3198 si
905 3136 988 3200 bene
1010 3137 1244 3223 temperabitur
1266 3146 1298 3200 et
1320 3145 1411 3199 recte
1430 3135 1525 3199 frica-

334 3248 366 3296 ·25
385 3244 454 3299 tum
484 3236 598 3319 fuerit,
627 3236 669 3300 ab
697 3238 846 3302 omnibus
875 3239 966 3300 vitiis
995 3239 1056 3301 erit
1077 3247 1194 3302 tutum.
1237 3239 1288 3302 uti
1309 3242 1422 3301 autem
1444 3239 1527 3300 inter
1556 3242 1561 3252 '

384 3347 575 3420 coagmenta
602 3338 752 3401 materies
780 3338 821 3402 ab
849 3336 1012 3422 gelicidiis
1040 3337 1243 3421 nelaboret,
1267 3338 1413 3402 fracibus
1437 3347 1525 3425 quot·

279 3529 282 3532 .
384 3438 477 3499 annis
493 3447 569 3500 ante
590 3437 730 3519 hiemem
750 3448 922 3503 saturetur.
958 3441 1004 3503 ita
1018 3463 1084 3504 non
1105 3442 1246 3527 patietur
1267 3442 1303 3504 in
1325 3462 1361 3503 se
1383 3442 1527 3527 recipere

455 3578 467 3622 1
488 3575 573 3634 ditde-
586 3575 780 3637 H)rectionem
800 3577 863 3626 G⁶H
883 3576 924 3639 (L,
939 3578 1111 3642 directionib3
1130 3587 1188 3628 ante
1207 3594 1275 3628 corr.
1296 3579 1325 3636 (ἶ,
1344 3576 1527 3628 delectionem

386 3663 402 3714 I,
421 3656 636 3707 delectationem
655 3660 704 3722 ch).
725 3656 736 3725 ll
760 3663 775 3709 2
794 3677 843 3710 cae
863 3663 891 3709 H
910 3658 982 3725 (θὴς
1007 3663 1041 3726 hs
1061 3661 1119 3724 (sed
1134 3679 1214 3727 supra
1232 3679 1301 3713 corr.
1321 3661 1334 3710 i
1353 3662 1398 3728 ee)
1420 3663 1441 3713 (ι’
1464 3660 1525 3726 (hae

384 3740 422 3792 εἷο
445 3742 481 3800 L,
501 3740 535 3806 he
553 3741 596 3804 tc).
620 3739 632 3807 [Ι
655 3743 764 3807 3plani
781 3745 852 3794 loc:
877 3744 953 3808 pleni
973 3746 1031 3795 GH.
1052 3742 1064 3810 ΙΙ
1086 3749 1249 3796 4testacea
1273 3746 1325 3796 GH
1348 3745 1398 3810 (eh,
1417 3747 1494 3797 -tia
1510 3747 1526 3801 t,

385 3828 433 3876 sed
449 3827 523 3874 testa
543 3829 686 3894 cespicata
703 3827 747 3891 L).
764 3824 778 3892 ll
793 3829 809 3877 b
826 3831 857 3876 ut
874 3844 908 3878 ne
929 3829 983 3878 GH
998 3829 1049 3893 (Ll,
1068 3834 1170 3880 utnon
1188 3831 1239 3892 ch).
1255 3826 1267 3895 ΙΙ
1283 3832 1299 3879 6
1318 3831 1452 3883 tumultos
1470 3837 1527 3880 ante

385 3926 454 3960 corr.
477 3910 504 3960 G.
529 3905 541 3974 ΙΙ
564 3910 622 3958 sint
638 3911 699 3959 add.
718 3911 773 3959 doc.
798 3906 810 3976 Η
833 3913 847 3960 7
868 3925 958 3975 snper,
976 3913 1112 3961 tricatura
1191 3914 1277 3963 fuerit
1294 3930 1356 3979 epo:
1380 3930 1464 3980 super
1481 3914 1527 3963 fri·

387 3998 512 4044 caturam
598 3991 700 4042 fuerint
720 3993 778 4046 GH.
801 3989 813 4058 ll
837 3997 852 4044 8
872 4010 905 4042 ex
924 3994 1008 4044 calice
1030 4004 1089 4045 ante
1111 4013 1164 4047 ras.
1185 3998 1214 4049 G.
1240 3993 1252 4062 Η
1276 3999 1308 4047 10
1332 3999 1383 4048 sub
1407 3999 1454 4048 diu
1479 3998 1527 4048 GH

386 4076 430 4142 (L,
450 4077 501 4126 sub
521 4076 584 4126 divo
602 4075 644 4141 lc).
661 4073 673 4140 ll
689 4075 835 4126 faciunda:
853 4078 890 4126 sic
909 4078 968 4130 GH.
984 4075 996 4144 ll
1013 4080 1044 4127 12
1063 4080 1186 4131 sidentes
1202 4082 1273 4131 loa:
1294 4081 1427 4132 sedentes
1442 4083 1499 4133 GH.
1514 4077 1524 4143 ll

387 4163 419 4210 15
437 4159 612 4210 faciundum:
634 4162 672 4209 sic
695 4161 755 4210 GH.
778 4156 790 4225 ll
815 4161 845 4209 16
864 4164 1022 4210 sternantur
1043 4171 1101 4213 ante
1125 4180 1194 4214 corr.
1220 4165 1249 4214 G.
1272 4159 1285 4230 ΙΙ
1309 4168 1343 4216 20
1365 4166 1449 4216 rudes
1470 4172 1527 4215 ante

302 4305 309 4311 ἱ
386 4260 455 4297 corr.
476 4245 504 4293 6.
528 4239 540 4309 ll
562 4245 663 4307 pistum
683 4244 745 4292 GH:
773 4244 879 4307 pinsum
897 4246 953 4301 doe.
973 4244 1011 4308 (nt
1027 4248 1127 4312 supra).
1150 4245 1163 4314 [l
1185 4251 1215 4297 21
1241 4265 1369 4314 grassum
1393 4246 1526 4315 H(l1).ll

386 4327 475 4378 nudeo
494 4334 552 4376 ante
570 4343 638 4377 corr.
659 4329 689 4380 (ἶ.
712 4323 724 4394 Η
751 4327 793 4376 'uti
811 4327 867 4379 .SS.
887 4333 900 4378 e
920 4330 949 4387 G,
966 4331 1116 4381 uass.
1136 4338 1180 4383 est
1196 4335 1226 4383 H
1248 4330 1333 4397 (Ltch,
1360 4337 1388 4384 ia
1406 4350 1485 4397 maro.
1501 4334 1528 4382 lr‘

386 4427 470 4476 supra
488 4410 640 4475 scriptum).
658 4408 670 4476 ll
686 4414 718 4460 22
738 4428 752 4461 e
771 4412 891 4462 tessera!
910 4411 1027 4464 &essem
1046 4417 1074 4463 H
1093 4415 1129 4478 (c,
1147 4430 1259 4468 tessera
1276 4423 1292 4477 t,
1312 4418 1338 4467 dr
1356 4423 1468 4469 tessera
1485 4417 1528 4480 L),

388 4499 512 4544 stessera
532 4495 553 4544 θ
571 4493 611 4556 (t0
627 4497 653 4543 in
670 4487 744 4557 raa).
768 4491 780 4560 ll
803 4498 835 4545 23
853 4497 956 4562 digitus
968 4499 1005 4547 H.
1023 4495 1035 4564 ΙΙ
1051 4502 1084 4549 26
1101 4501 1247 4553 nelaboret
1258 4502 1386 4564 fragibus
1401 4501 1528 4566 G(fraci·

387 4576 438 4627 bus
455 4579 521 4638 Joc,
539 4577 665 4627 faecibus
684 4577 771 4641 epit.):
789 4579 906 4630 nelabor
917 4579 1064 4644 &fragibus
1083 4583 1242 4648 (fragilibus
1261 4603 1275 4636 c
1293 4593 1320 4636 et
1337 4594 1399 4649 (ante
1418 4603 1487 4640 corr.
1505 4585 1527 4644 Ιι,

386 4660 529 4726 afragibus
547 4659 565 4720 l)
584 4661 612 4708 H
631 4658 676 4723 (ne
695 4661 774 4710 labor
792 4666 821 4710 et
837 4664 964 4727 fragibus
985 4664 1026 4730 L).
