3784 5625
699 664 746 711 nn
769 663 1038 713 Ancnrrnoruna
1067 668 1135 714 ms.
1161 670 1198 716 11.
1482 658 1522 721 37

372 819 498 882 ciorum
520 819 586 881 sint
608 819 777 882 institutae
800 828 832 882 ct
861 818 980 905 quibus
1002 822 1184 886 rationibus
1208 826 1368 889 enutritae
1391 836 1423 890 et
1445 849 1518 913 pro-

339 937 354 985 9
372 938 505 1005 grossae
521 920 587 983 sint
601 916 765 1011 gradatim
780 920 823 983 ad
838 920 922 983 hanc
935 920 1126 986 finitionem.
1157 945 1233 1008 ergo
1255 926 1311 995 ita,
1325 949 1382 990 suo
1405 928 1519 993 ordine

372 1031 404 1087 et
425 1020 496 1086 loco
517 1018 613 1085 huius
637 1022 699 1084 erit
721 1020 896 1086 voluminis
913 1024 1113 1089 constitutio.

455 1122 551 1188 Nunc
576 1132 723 1188 revertar
749 1124 791 1186 ad
819 1124 1022 1210 propositum
1049 1134 1081 1189 et
1111 1125 1152 1189 de
1180 1127 1282 1213 copiis
1312 1151 1394 1215 quae
1421 1140 1517 1216 aptae

371 1234 447 1289 sunt
473 1224 695 1289 aedificiorum
728 1224 984 1312 perfectionibus
990 1275 999 1304 ,
1036 1227 1309 1312 quemadmodum
1341 1230 1516 1296 videantur
1534 1248 1558 1310 5⁴

371 1349 442 1392 esse
456 1326 498 1390 ab
513 1336 629 1391 natura
651 1348 758 1391 rerum
780 1335 969 1413 procreatae
992 1327 1176 1416 quibusque
1197 1330 1411 1395 mixtionibus
1426 1334 1515 1419 prin-

370 1430 528 1516 cipiorum
552 1450 743 1513 congressus
765 1437 1006 1515 temperentur,
1034 1451 1076 1493 ne
1103 1430 1241 1495 obscura
1263 1432 1321 1495 sed
1344 1436 1517 1520 perspicua

369 1529 553 1615 legentibus
577 1532 642 1594 sint
669 1530 898 1594 ratiocinabor.
932 1552 1083 1616 <namque
1110 1530 1201 1596 nulla
1227 1535 1438 1598 materiarum
1459 1557 1514 1621 ge-

369 1649 447 1695 nera
473 1653 578 1717 neque
607 1653 742 1719 corpora
768 1654 873 1717 neque
899 1654 952 1695 res
980 1632 1050 1695 sine
1079 1633 1314 1719 principiorum
1341 1646 1437 1700 coetu
1458 1660 1513 1701 na-

369 1734 417 1797 sci
450 1755 555 1819 neque
591 1733 697 1796 subici
734 1732 913 1798 intellectui
944 1744 1098 1820 possunt,
1131 1756 1237 1819 neque
1259 1735 1365 1801 aliter
1397 1748 1514 1805 natura
1534 1754 1565 1802 10

368 1856 476 1899 rerum
503 1835 687 1921 praeceptis
715 1834 926 1921 physicorum
955 1856 1050 1899 veras
1077 1836 1201 1923 patitur
1227 1834 1349 1903 habere
1371 1838 1514 1926 explica·
1542 1859 1544 1862 ·

368 1938 490 2020 tiones,
518 1937 583 2000 nisi
611 1957 728 2000 causae
754 1958 835 2021 quae
856 1938 969 2001 insunt
991 1938 1025 1999 in
1047 1937 1099 2001 his
1121 1936 1219 2002 rebus
1243 1940 1514 2025 quemadmodum

369 2049 400 2103 et
435 2037 514 2125 quid
546 2039 593 2102 ita
626 2039 691 2103 sint
724 2036 900 2103 subtilibus
932 2039 1114 2104 rationibus
1142 2039 1285 2106 babeant
1313 2042 1512 2108 demonstra-

368 2142 484 2206 tiones.
1588 2128 1590 2133 ⁵

333 2259 346 2305 1
451 2241 571 2307 Thales
585 2244 727 2328 primum
741 2264 859 2329 aquam
881 2244 1012 2329 putavit
1034 2245 1176 2307 omnium
1199 2266 1307 2307 rerum
1331 2267 1403 2309 esse
1424 2247 1512 2331 prin·
1531 2261 1559 2310 ΙΙ

367 2346 499 2432 cipium.
537 2343 723 2408 Heraclitus
741 2343 920 2430 Ephesius,
944 2345 1001 2430 qui
1023 2354 1157 2430 propter
1179 2345 1409 2408 obscuritatem
1433 2347 1510 2408 scri·
1531 2365 1562 2411 lo

365 2456 495 2533 ptorum
523 2469 543 2510 a
565 2444 702 2511 Graecis
731 2463 902 2521 σκοτεινος
932 2454 980 2509 est
999 2444 1200 2531 appellatus,
1228 2446 1349 2529 ignem.
1393 2446 1512 2510 Demo-

367 2550 468 2612 critus
492 2550 612 2635 quique
634 2538 683 2613 est
706 2569 779 2611 eum
802 2556 930 2611 secutus
953 2545 1116 2631 Epicurus
1139 2555 1279 2629 atomos,
1308 2568 1387 2632 quas
1409 2550 1513 2611 nostri

366 2649 558 2726 insecabilia
572 2672 717 2736 corpora,
740 2646 889 2713 nonnulli
910 2645 1086 2713 individua
1108 2648 1344 2712 vocitaverunt.
1389 2648 1510 2735 Pytha-

365 2775 537 2838 goreorum
565 2773 644 2816 vero
674 2740 849 2837 disciplina
875 2749 997 2814 adiecit
1024 2748 1066 2811 ad
1092 2771 1210 2835 aquam
1238 2759 1270 2814 et
1297 2751 1407 2835 ignem
1434 2772 1511 2814 aera
1528 2764 1586 2820 20‘

366 2865 408 2920 et‘
421 2864 594 2920 terrenum.
640 2875 717 2938 ergo
738 2852 946 2942 Democritus
970 2854 1033 2917 etsi
1054 2874 1119 2916 non
1140 2854 1270 2939 proprie
1292 2875 1344 2916 res
1366 2855 1511 2918 nomina-

366 2959 417 3021 vit
445 2957 502 3020 sed
535 2964 663 3020 tantum
690 2953 862 3018 individua
895 2976 1030 3040 corpora
1057 2956 1241 3041 proposuit,
1271 2953 1346 3019 ideo
1375 2976 1412 3016 ea
1439 2956 1511 3041 ipsa

366 3059 492 3122 dixisse
523 3057 655 3121 videtur
691 3056 778 3143 quod
806 3077 844 3119 ea
871 3077 944 3135 cum
976 3057 1042 3120 sint
1070 3055 1234 3119 disiuncta
1255 3078 1316 3119 nee
1338 3054 1511 3120 laeduntur

365 3181 426 3223 nec
458 3160 683 3223 interitionem·
711 3158 874 3243 recipiunt
905 3179 965 3221 nec
998 3156 1198 3220 sectionibus
1226 3155 1419 3221 dividuntur
1452 3157 1510 3220 sed

366 3262 562 3347 sempiterno
577 3282 658 3324 aevo
674 3269 832 3347 perpetuo
847 3258 1009 3322 infinitam
1023 3258 1165 3322 retinent
1187 3258 1221 3320 in
1243 3279 1278 3320 se
1299 3257 1507 3323 soliditatem.
1527 3281 1560 3326 ‘25

330 3376 407 3426 aex
429 3362 492 3426 -his
527 3383 604 3446 ergo
638 3360 891 3446 congruentibus
919 3382 992 3424 cum
1019 3380 1070 3422 res
1101 3380 1211 3423 omnes
1240 3360 1326 3422 coire
1354 3361 1509 3446 nascique

365 3465 539 3528 videantur
567 3473 599 3527 et
626 3485 683 3526 eae
711 3464 746 3526 in
772 3462 908 3525 infinitis
930 3460 1106 3545 generibus
1128 3481 1237 3526 rerum
1258 3471 1375 3523 natura
1398 3473 1508 3526 essent

365 3565 567 3651 disparatae,
595 3566 709 3651 putavi
736 3551 886 3650 oportere
908 3562 949 3625 de
972 3560 1185 3625 varietatibus
1209 3571 1241 3625 et
1263 3561 1508 3627 discriminibus

363 3677 442 3731 usus
459 3689 568 3731 earum
584 3688 727 3752 quasque
740 3664 898 3728 baberent
913 3666 948 3728 in
963 3662 1122 3727 aedificiis
1139 3661 1310 3748 qualitates
1333 3684 1507 3750 exponere,

363 3770 414 3833 uti
444 3791 516 3832 cum
543 3766 664 3832 fuerint
691 3775 787 3831 notae
793 3816 802 3850 ,
831 3788 895 3831 non
923 3765 1065 3830 habeant
1088 3766 1143 3849 qui
1165 3762 1340 3827 aedificare
1363 3767 1508 3850 cogitant
1525 3789 1558 3835 30

364 3893 516 3954 errorem,
540 3870 599 3935 sed
620 3879 713 3957 aptas
736 3869 779 3932 ad
800 3891 896 3932 usum
918 3868 1029 3954 copias
1051 3864 1210 3929 aedificiis
1234 3875 1431 3952 comparent.

330 3984 344 4031 1
450 3971 565 4058 Itaque
598 3972 739 4058 primum
772 3968 813 4032 de
843 3967 1022 4050 lateribus,
1056 3989 1119 4053 qua
1153 3966 1194 4030 de
1226 3976 1313 4030 terra
1344 3965 1420 4030 duci
1452 3987 1568 4038 eos111

435 4195 524 4244 lsint
545 4196 615 4247 doe:
646 4198 708 4244 sunt
732 4193 789 4241 GH.
817 4189 828 4259 {l
856 4193 871 4242 5
894 4192 950 4242 sint
977 4199 1037 4241 ante
1059 4206 1128 4242 corr.
1147 4191 1183 4239 H.
1213 4185 1225 4255 ΙΙ
1251 4191 1319 4238 ine
1345 4188 1378 4238 G:
1403 4203 1455 4237 neo
1478 4189 1507 4237 H

362 4277 446 4341 (Llc).
470 4274 483 4344 ΙΙ
507 4281 537 4329 11
556 4280 743 4344 phrysieorum
763 4275 822 4341 (sici
842 4278 877 4326 H.
901 4274 912 4342 {l
937 4277 968 4326 15
986 4276 1070 4325 Tales
1090 4276 1147 4326 GH.
1172 4271 1184 4338 l}
1213 4276 1243 4323 17
1262 4272 1384 4322 scotinos
1409 4273 1468 4322 GH.
1491 4271 1503 4339 ΙΙ

363 4365 396 4414 18
415 4378 523 4428 quoquc
543 4364 585 4414 60.
603 4359 614 4429 [Ι
636 4378 718 4427 quas:
738 4378 805 4429 quos
825 4361 883 4411 GH.
905 4359 917 4426 ΙΙ
941 4364 972 4410 19
990 4358 1275 4425 pythagoreorum-6⁶
1293 4357 1356 4421 Uul:
1376 4359 1505 4422 pythare-

362 4451 412 4498 orii
431 4448 460 4506 G,
478 4448 589 4512 pythari
607 4463 698 4498 eorum
716 4448 744 4496 H
761 4446 801 4511 (lo,
821 4446 1010 4524 phitarQeoru
1032 4443 1077 4507 L).
1099 4440 1111 4509 1]
1134 4446 1167 4493 20
1186 4442 1377 4507 etigrgn‘em
1397 4442 1503 4504 (ἴωπα-

361 4549 407 4599 bae
425 4551 519 4598 litteris·
531 4552 620 4599 —rnt
632 4575 664 4584 —
676 4567 692 4598 a
707 4550 741 4599 60
758 4546 860 4610 erasis).
883 4544 895 4612 ΙΙ
918 4549 951 4596 23
969 4561 1021 4594 neo
1039 4544 1183 4594 laeduntur
1201 4547 1266 4600 Phil.
1286 4541 1377 4608 (rec.):
1396 4559 1447 4593 nec
1466 4543 1503 4594 le-

362 4637 465 4698 guntur
485 4633 535 4682 GH
554 4630 621 4696 (Leo,
639 4633 823 4698 negleguntur
844 4631 896 4693 Gv).
916 4626 929 4696 ΙΙ
951 4632 983 4679 27
1003 4645 1071 4679 aeae
1089 4637 1149 4679 ante
1166 4647 1235 4682 corr.
1255 4631 1295 4678 H:
1314 4628 1367 4677 hae
1386 4625 1456 4691 He(
1484 4626 1502 4691 ),

361 4716 396 4784 he
417 4717 439 4767 G
458 4716 513 4781 (te).
537 4713 549 4783 Η
572 4719 605 4767 29
624 4733 731 4771 ererum
752 4714 850 4782 (priore
870 4731 883 4764 r
901 4713 996 4779 detero)
1015 4715 1051 4768 H.
1075 4710 1087 4780 Η
1110 4717 1143 4765 32
1162 4724 1242 4781 qua}
1259 4730 1311 4763 curn
1329 4729 1381 4765 ras.
1395 4714 1437 4765 ΙΙ.
