<?xml version="1.0" encoding="UTF-8"?>
<!DOCTYPE html PUBLIC "-//W3C//DTD XHTML 1.0 Transitional//EN"
    "http://www.w3.org/TR/xhtml1/DTD/xhtml1-transitional.dtd">
<html xmlns="http://www.w3.org/1999/xhtml" xml:lang="en" lang="en">
 <head>
  <title>
</title>
<meta http-equiv="Content-Type" content="text/html;charset=utf-8" />
  <meta name='ocr-system' content='tesseract 3.04.00' />
  <meta name='ocr-capabilities' content='ocr_page ocr_carea ocr_par ocr_line ocrx_word'/>
</head>
<body>
  <div class='ocr_page' id='page_1' title='image "./vitruviidearchi01strgoog_0217.png"; bbox 0 0 3784 5625; ppageno 0'>
   <div class='ocr_carea' id='block_1_1' title="bbox 674 664 1504 727">
    <p class='ocr_par' dir='ltr' id='par_1_1' title="bbox 674 664 1504 727">
     <span class='ocr_line' id='line_1_1' title="bbox 674 664 1504 727; baseline 0.017 -14"><span class='ocrx_word' id='word_1_1' title='bbox 674 669 721 714; x_wconf 84' lang='lat' dir='ltr'>nu</span> <span class='ocrx_word' id='word_1_2' title='bbox 744 667 1012 717; x_wconf 78' lang='lat' dir='ltr'>Anculruoruna</span> <span class='ocrx_word' id='word_1_3' title='bbox 1036 674 1104 720; x_wconf 82' lang='lat' dir='ltr'>mu.</span> <span class='ocrx_word' id='word_1_4' title='bbox 1121 676 1194 723; x_wconf 90' lang='lat' dir='ltr'>v111.</span> <span class='ocrx_word' id='word_1_5' title='bbox 1444 664 1504 727; x_wconf 89' lang='grc'>199</span> 
     </span>
    </p>
   </div>
   <div class='ocr_carea' id='block_1_2' title="bbox 313 820 1646 3351">
    <p class='ocr_par' dir='ltr' id='par_1_2' title="bbox 313 820 1646 3351">
     <span class='ocr_line' id='line_1_2' title="bbox 360 820 1525 914; baseline 0.01 -31"><span class='ocrx_word' id='word_1_6' title='bbox 360 830 573 901; x_wconf 79' lang='lat' dir='ltr'><strong>venenatam,</strong></span> <span class='ocrx_word' id='word_1_7' title='bbox 596 821 645 883; x_wconf 90' lang='lat' dir='ltr'>uti</span> <span class='ocrx_word' id='word_1_8' title='bbox 668 820 771 885; x_wconf 86' lang='lat' dir='ltr'>fuisse</span> <span class='ocrx_word' id='word_1_9' title='bbox 794 822 915 887; x_wconf 81' lang='lat' dir='ltr'>dieitur</span> <span class='ocrx_word' id='word_1_10' title='bbox 937 823 1132 890; x_wconf 67' lang='lat' dir='ltr'>Terracinae</span> <span class='ocrx_word' id='word_1_11' title='bbox 1154 828 1227 892; x_wconf 87' lang='lat' dir='ltr'>fons</span> <span class='ocrx_word' id='word_1_12' title='bbox 1251 831 1307 914; x_wconf 90' lang='lat' dir='ltr'>qui</span> <span class='ocrx_word' id='word_1_13' title='bbox 1324 831 1525 895; x_wconf 79' lang='lat' dir='ltr'>vocabatur&#39;</span> 
     </span>
     <span class='ocr_line' id='line_1_3' title="bbox 359 924 1546 1017; baseline 0.008 -30"><span class='ocrx_word' id='word_1_14' title='bbox 359 924 564 1009; x_wconf 85' lang='lat' dir='ltr'>Neptunius,</span> <span class='ocrx_word' id='word_1_15' title='bbox 588 944 631 987; x_wconf 84' lang='lat' dir='ltr'>ex</span> <span class='ocrx_word' id='word_1_16' title='bbox 653 945 715 1009; x_wconf 94' lang='lat' dir='ltr'>quo</span> <span class='ocrx_word' id='word_1_17' title='bbox 738 925 794 1009; x_wconf 88' lang='lat' dir='ltr'>qui</span> <span class='ocrx_word' id='word_1_18' title='bbox 820 924 972 1013; x_wconf 86' lang='lat' dir='ltr'>biberant</span> <span class='ocrx_word' id='word_1_19' title='bbox 998 929 1303 1015; x_wconf 83' lang='lat' dir='ltr'>inprudentes-vita</span> <span class='ocrx_word' id='word_1_20' title='bbox 1330 932 1503 1017; x_wconf 89' lang='lat' dir='ltr'>privaban-</span> <span class='ocrx_word' id='word_1_21' title='bbox 1542 932 1546 940; x_wconf 84' lang='lat'>&#39;</span> 
     </span>
     <span class='ocr_line' id='line_1_4' title="bbox 357 1026 1502 1112; baseline 0.008 -22"><span class='ocrx_word' id='word_1_22' title='bbox 357 1036 422 1090; x_wconf 89' lang='lat' dir='ltr'>tur.</span> <span class='ocrx_word' id='word_1_23' title='bbox 453 1034 650 1112; x_wconf 90' lang='lat' dir='ltr'>quapropter</span> <span class='ocrx_word' id='word_1_24' title='bbox 663 1026 790 1111; x_wconf 82' lang='lat' dir='ltr'>antiqui</span> <span class='ocrx_word' id='word_1_25' title='bbox 806 1048 879 1089; x_wconf 87' lang='lat' dir='ltr'>eum</span> <span class='ocrx_word' id='word_1_26' title='bbox 894 1026 1100 1093; x_wconf 89' lang='lat' dir='ltr'>obstruxisse</span> <span class='ocrx_word' id='word_1_27' title='bbox 1116 1030 1278 1095; x_wconf 81' lang='lat' dir='ltr'>dicuntur.</span> <span class='ocrx_word' id='word_1_28' title='bbox 1317 1043 1349 1097; x_wconf 88' lang='lat' dir='ltr'>et</span> <span class='ocrx_word' id='word_1_29' title='bbox 1364 1034 1502 1099; x_wconf 76' lang='lat' dir='ltr'>Chrobsi</span> 
     </span>
     <span class='ocr_line' id='line_1_5' title="bbox 358 1125 1503 1216; baseline 0.007 -26"><span class='ocrx_word' id='word_1_30' title='bbox 358 1127 501 1190; x_wconf 88' lang='lat' dir='ltr'>Thracia</span> <span class='ocrx_word' id='word_1_31' title='bbox 522 1125 628 1210; x_wconf 74' lang='lat' dir='ltr'>lacus,</span> <span class='ocrx_word' id='word_1_32' title='bbox 652 1149 695 1190; x_wconf 85' lang='lat' dir='ltr'>ex</span> <span class='ocrx_word' id='word_1_33' title='bbox 717 1150 779 1213; x_wconf 94' lang='lat' dir='ltr'>quo</span> <span class='ocrx_word' id='word_1_34' title='bbox 802 1150 866 1191; x_wconf 92' lang='lat' dir='ltr'>non</span> <span class='ocrx_word' id='word_1_35' title='bbox 887 1129 991 1192; x_wconf 88' lang='lat' dir='ltr'>solum</span> <span class='ocrx_word' id='word_1_36' title='bbox 1007 1132 1063 1216; x_wconf 92' lang='lat' dir='ltr'>qui</span> <span class='ocrx_word' id='word_1_37' title='bbox 1084 1132 1228 1197; x_wconf 80' lang='lat' dir='ltr'>biberint</span> <span class='ocrx_word' id='word_1_38' title='bbox 1249 1136 1431 1198; x_wconf 88' lang='lat' dir='ltr'>moriuntur</span> <span class='ocrx_word' id='word_1_39' title='bbox 1445 1135 1503 1199; x_wconf 88' lang='lat' dir='ltr'>sed</span> 
     </span>
     <span class='ocr_line' id='line_1_6' title="bbox 359 1227 1537 1321; baseline 0.008 -30"><span class='ocrx_word' id='word_1_40' title='bbox 359 1231 458 1293; x_wconf 87' lang='lat' dir='ltr'>etiam</span> <span class='ocrx_word' id='word_1_41' title='bbox 482 1229 538 1314; x_wconf 93' lang='lat' dir='ltr'>qui</span> <span class='ocrx_word' id='word_1_42' title='bbox 560 1227 710 1292; x_wconf 81' lang='lat' dir='ltr'>laverint.</span> <span class='ocrx_word' id='word_1_43' title='bbox 753 1230 832 1292; x_wconf 90' lang='lat' dir='ltr'>item</span> <span class='ocrx_word' id='word_1_44' title='bbox 855 1230 890 1292; x_wconf 92' lang='lat' dir='ltr'>in</span> <span class='ocrx_word' id='word_1_45' title='bbox 911 1230 1083 1295; x_wconf 83' lang='lat' dir='ltr'>Thessalia</span> <span class='ocrx_word' id='word_1_46' title='bbox 1104 1231 1176 1297; x_wconf 87' lang='lat' dir='ltr'>fons</span> <span class='ocrx_word' id='word_1_47' title='bbox 1193 1244 1242 1298; x_wconf 87' lang='lat' dir='ltr'>est</span> <span class='ocrx_word' id='word_1_48' title='bbox 1263 1234 1437 1321; x_wconf 86' lang='lat' dir='ltr'>profluens,</span> <span class='ocrx_word' id='word_1_49' title='bbox 1462 1260 1503 1299; x_wconf 87' lang='lat' dir='ltr'>ex</span> <span class='ocrx_word' id='word_1_50' title='bbox 1521 1252 1537 1300; x_wconf 84' lang='lat'>5</span> 
     </span>
     <span class='ocr_line' id='line_1_7' title="bbox 360 1329 1502 1421; baseline 0.004 -26"><span class='ocrx_word' id='word_1_51' title='bbox 360 1354 423 1417; x_wconf 93' lang='lat' dir='ltr'>quo</span> <span class='ocrx_word' id='word_1_52' title='bbox 447 1329 537 1394; x_wconf 85' lang='lat' dir='ltr'>sonte</span> <span class='ocrx_word' id='word_1_53' title='bbox 552 1351 613 1393; x_wconf 89' lang='lat' dir='ltr'>neo</span> <span class='ocrx_word' id='word_1_54' title='bbox 627 1352 725 1415; x_wconf 87' lang='lat' dir='ltr'>peeus</span> <span class='ocrx_word' id='word_1_55' title='bbox 742 1329 844 1393; x_wconf 91' lang='lat' dir='ltr'>ullum</span> <span class='ocrx_word' id='word_1_56' title='bbox 866 1340 977 1415; x_wconf 85' lang='lat' dir='ltr'>gustat</span> <span class='ocrx_word' id='word_1_57' title='bbox 998 1355 1059 1396; x_wconf 89' lang='lat' dir='ltr'>neo</span> <span class='ocrx_word' id='word_1_58' title='bbox 1081 1334 1259 1399; x_wconf 88' lang='lat' dir='ltr'>bestiarum</span> <span class='ocrx_word' id='word_1_59' title='bbox 1281 1359 1385 1421; x_wconf 84' lang='lat' dir='ltr'>ganas</span> <span class='ocrx_word' id='word_1_60' title='bbox 1401 1336 1502 1400; x_wconf 92' lang='lat' dir='ltr'>ullum</span> 
     </span>
     <span class='ocr_line' id='line_1_8' title="bbox 360 1431 1502 1521; baseline 0.006 -26"><span class='ocrx_word' id='word_1_61' title='bbox 360 1432 494 1521; x_wconf 88' lang='lat' dir='ltr'>propius</span> <span class='ocrx_word' id='word_1_62' title='bbox 516 1431 659 1515; x_wconf 81' lang='lat' dir='ltr'>aceedit,</span> <span class='ocrx_word' id='word_1_63' title='bbox 687 1431 730 1494; x_wconf 90' lang='lat' dir='ltr'>ad</span> <span class='ocrx_word' id='word_1_64' title='bbox 753 1454 848 1517; x_wconf 83' lang='lat' dir='ltr'>quem</span> <span class='ocrx_word' id='word_1_65' title='bbox 875 1432 997 1497; x_wconf 84' lang='lat' dir='ltr'>fontem</span> <span class='ocrx_word' id='word_1_66' title='bbox 1024 1437 1173 1521; x_wconf 83' lang='lat' dir='ltr'>proxime</span> <span class='ocrx_word' id='word_1_67' title='bbox 1196 1446 1246 1500; x_wconf 87' lang='lat' dir='ltr'>est</span> <span class='ocrx_word' id='word_1_68' title='bbox 1267 1438 1365 1502; x_wconf 87' lang='lat' dir='ltr'>arbor</span> <span class='ocrx_word' id='word_1_69' title='bbox 1385 1439 1502 1503; x_wconf 89' lang='lat' dir='ltr'>florens</span> 
     </span>
     <span class='ocr_line' id='line_1_9' title="bbox 313 1533 1502 1626; baseline 0.005 -27"><span class='ocrx_word' id='word_1_70' title='bbox 313 1554 340 1601; x_wconf 76' lang='lat' dir='ltr'>{a</span> <span class='ocrx_word' id='word_1_71' title='bbox 359 1556 523 1623; x_wconf 87' lang='lat' dir='ltr'>purpureo</span> <span class='ocrx_word' id='word_1_72' title='bbox 545 1533 661 1598; x_wconf 87' lang='lat' dir='ltr'>oolore.</span> <span class='ocrx_word' id='word_1_73' title='bbox 705 1555 771 1598; x_wconf 91' lang='lat' dir='ltr'>non</span> <span class='ocrx_word' id='word_1_74' title='bbox 792 1535 900 1598; x_wconf 88' lang='lat' dir='ltr'>minus</span> <span class='ocrx_word' id='word_1_75' title='bbox 923 1536 958 1599; x_wconf 92' lang='lat' dir='ltr'>in</span> <span class='ocrx_word' id='word_1_76' title='bbox 980 1535 1172 1599; x_wconf 87' lang='lat' dir='ltr'>Macedonia</span> <span class='ocrx_word' id='word_1_77' title='bbox 1187 1559 1250 1623; x_wconf 94' lang='lat' dir='ltr'>quo</span> <span class='ocrx_word' id='word_1_78' title='bbox 1272 1537 1335 1602; x_wconf 88' lang='lat' dir='ltr'>looi</span> <span class='ocrx_word' id='word_1_79' title='bbox 1357 1540 1502 1626; x_wconf 88' lang='lat' dir='ltr'>sepultus</span> 
     </span>
     <span class='ocr_line' id='line_1_10' title="bbox 359 1635 1501 1723; baseline 0.004 -22"><span class='ocrx_word' id='word_1_80' title='bbox 359 1646 410 1701; x_wconf 86' lang='lat' dir='ltr'>est</span> <span class='ocrx_word' id='word_1_81' title='bbox 442 1635 635 1723; x_wconf 85' lang='lat' dir='ltr'>Euripides,</span> <span class='ocrx_word' id='word_1_82' title='bbox 673 1636 790 1699; x_wconf 84' lang='lat' dir='ltr'>dextra</span> <span class='ocrx_word' id='word_1_83' title='bbox 821 1658 860 1699; x_wconf 87' lang='lat' dir='ltr'>ao</span> <span class='ocrx_word' id='word_1_84' title='bbox 890 1637 1024 1700; x_wconf 83' lang='lat' dir='ltr'>sinistra</span> <span class='ocrx_word' id='word_1_85' title='bbox 1056 1642 1257 1705; x_wconf 89' lang='lat' dir='ltr'>monumenti</span> <span class='ocrx_word' id='word_1_86' title='bbox 1288 1641 1501 1706; x_wconf 87' lang='lat' dir='ltr'>advenientes</span> 
     </span>
     <span class='ocr_line' id='line_1_11' title="bbox 359 1738 1553 1824; baseline 0.005 -21"><span class='ocrx_word' id='word_1_87' title='bbox 359 1738 425 1804; x_wconf 93' lang='lat' dir='ltr'>duo</span> <span class='ocrx_word' id='word_1_88' title='bbox 447 1739 513 1802; x_wconf 90' lang='lat' dir='ltr'>rivi</span> <span class='ocrx_word' id='word_1_89' title='bbox 536 1746 732 1801; x_wconf 82' lang='lat' dir='ltr'>concurrunt</span> <span class='ocrx_word' id='word_1_90' title='bbox 754 1739 788 1801; x_wconf 91' lang='lat' dir='ltr'>in</span> <span class='ocrx_word' id='word_1_91' title='bbox 809 1760 927 1820; x_wconf 81' lang='lat' dir='ltr'>unum,</span> <span class='ocrx_word' id='word_1_92' title='bbox 952 1738 1102 1824; x_wconf 89' lang='lat' dir='ltr'>equibus</span> <span class='ocrx_word' id='word_1_93' title='bbox 1124 1739 1167 1803; x_wconf 90' lang='lat' dir='ltr'>ad</span> <span class='ocrx_word' id='word_1_94' title='bbox 1189 1765 1290 1805; x_wconf 93' lang='lat' dir='ltr'>unum</span> <span class='ocrx_word' id='word_1_95' title='bbox 1310 1743 1502 1807; x_wconf 79' lang='lat' dir='ltr'>accumben-</span> <span class='ocrx_word' id='word_1_96' title='bbox 1522 1762 1553 1809; x_wconf 86' lang='lat' dir='ltr'>lo</span> 
     </span>
     <span class='ocr_line' id='line_1_12' title="bbox 358 1838 1502 1927; baseline 0.003 -22"><span class='ocrx_word' id='word_1_97' title='bbox 358 1852 408 1905; x_wconf 90' lang='lat' dir='ltr'>tes</span> <span class='ocrx_word' id='word_1_98' title='bbox 437 1841 580 1904; x_wconf 89' lang='lat' dir='ltr'>viatores</span> <span class='ocrx_word' id='word_1_99' title='bbox 607 1839 790 1926; x_wconf 86' lang='lat' dir='ltr'>pransitare</span> <span class='ocrx_word' id='word_1_100' title='bbox 818 1838 922 1903; x_wconf 87' lang='lat' dir='ltr'>solent</span> <span class='ocrx_word' id='word_1_101' title='bbox 949 1850 1084 1927; x_wconf 89' lang='lat' dir='ltr'>propter</span> <span class='ocrx_word' id='word_1_102' title='bbox 1109 1864 1213 1927; x_wconf 89' lang='lat' dir='ltr'>aquae</span> <span class='ocrx_word' id='word_1_103' title='bbox 1235 1844 1430 1927; x_wconf 84' lang='lat' dir='ltr'>bonitatem,</span> <span class='ocrx_word' id='word_1_104' title='bbox 1459 1846 1502 1907; x_wconf 92' lang='lat' dir='ltr'>ad</span> 
     </span>
     <span class='ocr_line' id='line_1_13' title="bbox 358 1940 1501 2028; baseline 0.002 -22"><span class='ocrx_word' id='word_1_105' title='bbox 358 1944 467 2006; x_wconf 87' lang='lat' dir='ltr'>rivum</span> <span class='ocrx_word' id='word_1_106' title='bbox 489 1949 597 2004; x_wconf 86' lang='lat' dir='ltr'>autom</span> <span class='ocrx_word' id='word_1_107' title='bbox 622 1941 678 2026; x_wconf 93' lang='lat' dir='ltr'>qui</span> <span class='ocrx_word' id='word_1_108' title='bbox 701 1949 749 2004; x_wconf 90' lang='lat' dir='ltr'>est</span> <span class='ocrx_word' id='word_1_109' title='bbox 773 1964 813 2005; x_wconf 86' lang='lat' dir='ltr'>ex</span> <span class='ocrx_word' id='word_1_110' title='bbox 835 1940 937 2005; x_wconf 88' lang='lat' dir='ltr'>altera</span> <span class='ocrx_word' id='word_1_111' title='bbox 959 1953 1051 2028; x_wconf 88' lang='lat' dir='ltr'>parte</span> <span class='ocrx_word' id='word_1_112' title='bbox 1073 1946 1273 2009; x_wconf 90' lang='lat' dir='ltr'>monumenti</span> <span class='ocrx_word' id='word_1_113' title='bbox 1295 1969 1390 2010; x_wconf 88' lang='lat' dir='ltr'>nemo</span> <span class='ocrx_word' id='word_1_114' title='bbox 1411 1969 1501 2010; x_wconf 86' lang='lat' dir='ltr'>aoce-</span> 
     </span>
     <span class='ocr_line' id='line_1_14' title="bbox 360 2041 1501 2129; baseline 0.002 -20"><span class='ocrx_word' id='word_1_115' title='bbox 360 2046 410 2109; x_wconf 85' lang='lat' dir='ltr'>dit</span> <span class='ocrx_word' id='word_1_116' title='bbox 433 2043 519 2129; x_wconf 93' lang='lat' dir='ltr'>quod</span> <span class='ocrx_word' id='word_1_117' title='bbox 543 2041 745 2105; x_wconf 87' lang='lat' dir='ltr'>mortiferam</span> <span class='ocrx_word' id='word_1_118' title='bbox 768 2065 884 2128; x_wconf 90' lang='lat' dir='ltr'>aquam</span> <span class='ocrx_word' id='word_1_119' title='bbox 907 2043 1028 2108; x_wconf 81' lang='lat' dir='ltr'>dieitur</span> <span class='ocrx_word' id='word_1_120' title='bbox 1049 2045 1180 2109; x_wconf 86' lang='lat' dir='ltr'>habere.</span> <span class='ocrx_word' id='word_1_121' title='bbox 1217 2048 1296 2111; x_wconf 91' lang='lat' dir='ltr'>item</span> <span class='ocrx_word' id='word_1_122' title='bbox 1319 2058 1368 2111; x_wconf 89' lang='lat' dir='ltr'>est</span> <span class='ocrx_word' id='word_1_123' title='bbox 1390 2050 1425 2111; x_wconf 93' lang='lat' dir='ltr'>in</span> <span class='ocrx_word' id='word_1_124' title='bbox 1439 2049 1501 2112; x_wconf 89' lang='lat' dir='ltr'>Ar-</span> 
     </span>
     <span class='ocr_line' id='line_1_15' title="bbox 358 2145 1500 2231; baseline 0.003 -22"><span class='ocrx_word' id='word_1_125' title='bbox 358 2145 454 2210; x_wconf 82' lang='lat' dir='ltr'>cadia</span> <span class='ocrx_word' id='word_1_126' title='bbox 476 2145 635 2207; x_wconf 83' lang='lat' dir='ltr'>Nonacris</span> <span class='ocrx_word' id='word_1_127' title='bbox 658 2146 824 2208; x_wconf 88' lang='lat' dir='ltr'>nominata</span> <span class='ocrx_word' id='word_1_128' title='bbox 845 2154 952 2208; x_wconf 89' lang='lat' dir='ltr'>terrae</span> <span class='ocrx_word' id='word_1_129' title='bbox 974 2148 1081 2229; x_wconf 81' lang='lat' dir='ltr'>regio,</span> <span class='ocrx_word' id='word_1_130' title='bbox 1105 2168 1187 2231; x_wconf 89' lang='lat' dir='ltr'>quae</span> <span class='ocrx_word' id='word_1_131' title='bbox 1208 2146 1306 2212; x_wconf 89' lang='lat' dir='ltr'>habet</span> <span class='ocrx_word' id='word_1_132' title='bbox 1328 2152 1362 2213; x_wconf 93' lang='lat' dir='ltr'>in</span> <span class='ocrx_word' id='word_1_133' title='bbox 1384 2151 1500 2213; x_wconf 91' lang='lat' dir='ltr'>monti-</span> 
     </span>
     <span class='ocr_line' id='line_1_16' title="bbox 357 2244 1552 2330; baseline 0.003 -18"><span class='ocrx_word' id='word_1_134' title='bbox 357 2249 420 2313; x_wconf 86' lang='lat' dir='ltr'>bus</span> <span class='ocrx_word' id='word_1_135' title='bbox 455 2268 498 2309; x_wconf 85' lang='lat' dir='ltr'>ex</span> <span class='ocrx_word' id='word_1_136' title='bbox 525 2267 606 2310; x_wconf 82' lang='lat' dir='ltr'>saxo</span> <span class='ocrx_word' id='word_1_137' title='bbox 635 2244 795 2310; x_wconf 88' lang='lat' dir='ltr'>stillantes</span> <span class='ocrx_word' id='word_1_138' title='bbox 828 2246 1063 2330; x_wconf 81' lang='lat' dir='ltr'>frigidissimos</span> <span class='ocrx_word' id='word_1_139' title='bbox 1090 2270 1230 2311; x_wconf 89' lang='lat' dir='ltr'>umores.</span> <span class='ocrx_word' id='word_1_140' title='bbox 1279 2249 1360 2313; x_wconf 86' lang='lat' dir='ltr'>haee</span> <span class='ocrx_word' id='word_1_141' title='bbox 1392 2259 1552 2317; x_wconf 81' lang='lat' dir='ltr'>autem15</span> 
     </span>
     <span class='ocr_line' id='line_1_17' title="bbox 357 2348 1502 2436; baseline -0.001 -23"><span class='ocrx_word' id='word_1_142' title='bbox 357 2372 444 2435; x_wconf 89' lang='lat' dir='ltr'>aqua</span> <span class='ocrx_word' id='word_1_143' title='bbox 467 2352 599 2428; x_wconf 73' lang='grc' dir='ltr'><em>Στυγος</em></span> <span class='ocrx_word' id='word_1_144' title='bbox 621 2348 715 2430; x_wconf 72' lang='lat' dir='ltr'>odom</span> <span class='ocrx_word' id='word_1_145' title='bbox 735 2350 936 2428; x_wconf 85' lang='lat' dir='ltr'>nominatur,</span> <span class='ocrx_word' id='word_1_146' title='bbox 961 2369 1057 2432; x_wconf 91' lang='lat' dir='ltr'>quam</span> <span class='ocrx_word' id='word_1_147' title='bbox 1072 2369 1177 2434; x_wconf 90' lang='lat' dir='ltr'>neque</span> <span class='ocrx_word' id='word_1_148' title='bbox 1191 2360 1382 2433; x_wconf 87' lang='lat' dir='ltr'>argenteum</span> <span class='ocrx_word' id='word_1_149' title='bbox 1396 2372 1502 2436; x_wconf 89' lang='lat' dir='ltr'>neque</span> 
     </span>
     <span class='ocr_line' id='line_1_18' title="bbox 357 2448 1501 2534; baseline -0.001 -19"><span class='ocrx_word' id='word_1_150' title='bbox 357 2472 495 2515; x_wconf 86' lang='lat' dir='ltr'>aeneum</span> <span class='ocrx_word' id='word_1_151' title='bbox 509 2470 570 2512; x_wconf 87' lang='lat' dir='ltr'>neo</span> <span class='ocrx_word' id='word_1_152' title='bbox 591 2448 732 2512; x_wconf 87' lang='lat' dir='ltr'>ferreum</span> <span class='ocrx_word' id='word_1_153' title='bbox 749 2471 806 2511; x_wconf 91' lang='lat' dir='ltr'>vas</span> <span class='ocrx_word' id='word_1_154' title='bbox 829 2457 936 2534; x_wconf 90' lang='lat' dir='ltr'>potest</span> <span class='ocrx_word' id='word_1_155' title='bbox 959 2450 1133 2530; x_wconf 78' lang='lat' dir='ltr'>sustinere,</span> <span class='ocrx_word' id='word_1_156' title='bbox 1157 2451 1216 2513; x_wconf 92' lang='lat' dir='ltr'>sed</span> <span class='ocrx_word' id='word_1_157' title='bbox 1238 2451 1360 2514; x_wconf 90' lang='lat' dir='ltr'>dissilit</span> <span class='ocrx_word' id='word_1_158' title='bbox 1382 2462 1414 2515; x_wconf 87' lang='lat' dir='ltr'>et</span> <span class='ocrx_word' id='word_1_159' title='bbox 1435 2450 1501 2514; x_wconf 91' lang='lat' dir='ltr'>dis·</span> 
     </span>
     <span class='ocr_line' id='line_1_19' title="bbox 358 2550 1502 2639; baseline -0.003 -22"><span class='ocrx_word' id='word_1_160' title='bbox 358 2554 495 2639; x_wconf 89' lang='lat' dir='ltr'>sipatur.</span> <span class='ocrx_word' id='word_1_161' title='bbox 533 2572 725 2614; x_wconf 86' lang='lat' dir='ltr'>conservare</span> <span class='ocrx_word' id='word_1_162' title='bbox 740 2560 849 2613; x_wconf 90' lang='lat' dir='ltr'>autem</span> <span class='ocrx_word' id='word_1_163' title='bbox 864 2571 935 2612; x_wconf 91' lang='lat' dir='ltr'>eam</span> <span class='ocrx_word' id='word_1_164' title='bbox 952 2559 984 2613; x_wconf 90' lang='lat' dir='ltr'>et</span> <span class='ocrx_word' id='word_1_165' title='bbox 999 2552 1165 2614; x_wconf 81' lang='lat' dir='ltr'>continere</span> <span class='ocrx_word' id='word_1_166' title='bbox 1179 2550 1262 2615; x_wconf 92' lang='lat' dir='ltr'>nibil</span> <span class='ocrx_word' id='word_1_167' title='bbox 1282 2550 1372 2615; x_wconf 90' lang='lat' dir='ltr'>aliud</span> <span class='ocrx_word' id='word_1_168' title='bbox 1395 2560 1502 2638; x_wconf 85' lang='lat' dir='ltr'>potest</span> 
     </span>
     <span class='ocr_line' id='line_1_20' title="bbox 358 2649 1501 2739; baseline -0.003 -21"><span class='ocrx_word' id='word_1_169' title='bbox 358 2655 423 2718; x_wconf 93' lang='lat' dir='ltr'>nisi</span> <span class='ocrx_word' id='word_1_170' title='bbox 445 2649 570 2716; x_wconf 91' lang='lat' dir='ltr'>mulina</span> <span class='ocrx_word' id='word_1_171' title='bbox 591 2651 730 2736; x_wconf 79' lang='lat' dir='ltr'>ungula,</span> <span class='ocrx_word' id='word_1_172' title='bbox 760 2674 822 2737; x_wconf 93' lang='lat' dir='ltr'>qua</span> <span class='ocrx_word' id='word_1_173' title='bbox 851 2652 950 2715; x_wconf 91' lang='lat' dir='ltr'>etiam</span> <span class='ocrx_word' id='word_1_174' title='bbox 976 2662 1173 2716; x_wconf 88' lang='lat' dir='ltr'>memoratur</span> <span class='ocrx_word' id='word_1_175' title='bbox 1200 2653 1242 2715; x_wconf 92' lang='lat' dir='ltr'>ab</span> <span class='ocrx_word' id='word_1_176' title='bbox 1264 2654 1439 2739; x_wconf 89' lang='lat' dir='ltr'>Antipatro</span> <span class='ocrx_word' id='word_1_177' title='bbox 1466 2654 1501 2717; x_wconf 92' lang='lat' dir='ltr'>in</span> 
     </span>
     <span class='ocr_line' id='line_1_21' title="bbox 359 2751 1646 2846; baseline 0.001 -26"><span class='ocrx_word' id='word_1_178' title='bbox 359 2755 563 2845; x_wconf 81' lang='lat' dir='ltr'>provinciam</span> <span class='ocrx_word' id='word_1_179' title='bbox 577 2753 635 2818; x_wconf 93' lang='lat' dir='ltr'>ubi</span> <span class='ocrx_word' id='word_1_180' title='bbox 654 2762 723 2818; x_wconf 85' lang='lat' dir='ltr'>erat</span> <span class='ocrx_word' id='word_1_181' title='bbox 736 2751 927 2817; x_wconf 85' lang='lat' dir='ltr'>Alexander</span> <span class='ocrx_word' id='word_1_182' title='bbox 948 2775 1008 2841; x_wconf 91' lang='lat' dir='ltr'>per</span> <span class='ocrx_word' id='word_1_183' title='bbox 1028 2752 1145 2818; x_wconf 91' lang='lat' dir='ltr'>Iollam</span> <span class='ocrx_word' id='word_1_184' title='bbox 1166 2754 1269 2819; x_wconf 90' lang='lat' dir='ltr'>filium</span> <span class='ocrx_word' id='word_1_185' title='bbox 1291 2753 1415 2842; x_wconf 89' lang='lat' dir='ltr'>perlata</span> <span class='ocrx_word' id='word_1_186' title='bbox 1430 2770 1500 2819; x_wconf 86' lang='lat' dir='ltr'>esse</span> <span class='ocrx_word' id='word_1_187' title='bbox 1518 2773 1551 2821; x_wconf 73' lang='lat'>⁴20</span> <span class='ocrx_word' id='word_1_188' title='bbox 1642 2840 1646 2846; x_wconf 26' lang='grc' dir='ltr'>Ι</span> 
     </span>
     <span class='ocr_line' id='line_1_22' title="bbox 313 2857 1500 2944; baseline 0.003 -28"><span class='ocrx_word' id='word_1_189' title='bbox 313 2869 340 2916; x_wconf 80' lang='lat'>17</span> <span class='ocrx_word' id='word_1_190' title='bbox 361 2868 393 2922; x_wconf 94' lang='lat' dir='ltr'>et</span> <span class='ocrx_word' id='word_1_191' title='bbox 414 2857 457 2922; x_wconf 91' lang='lat' dir='ltr'>ab</span> <span class='ocrx_word' id='word_1_192' title='bbox 473 2878 510 2921; x_wconf 87' lang='lat' dir='ltr'>eo</span> <span class='ocrx_word' id='word_1_193' title='bbox 527 2878 564 2920; x_wconf 85' lang='lat' dir='ltr'>ea</span> <span class='ocrx_word' id='word_1_194' title='bbox 586 2878 670 2941; x_wconf 88' lang='lat' dir='ltr'>aqua</span> <span class='ocrx_word' id='word_1_195' title='bbox 692 2878 802 2940; x_wconf 88' lang='lat' dir='ltr'>regem</span> <span class='ocrx_word' id='word_1_196' title='bbox 818 2877 889 2919; x_wconf 87' lang='lat' dir='ltr'>esse</span> <span class='ocrx_word' id='word_1_197' title='bbox 910 2864 1071 2920; x_wconf 84' lang='lat' dir='ltr'>necatum.</span> <span class='ocrx_word' id='word_1_198' title='bbox 1114 2858 1194 2920; x_wconf 90' lang='lat' dir='ltr'>item</span> <span class='ocrx_word' id='word_1_199' title='bbox 1209 2857 1351 2944; x_wconf 87' lang='lat' dir='ltr'>Alpibus</span> <span class='ocrx_word' id='word_1_200' title='bbox 1374 2859 1409 2921; x_wconf 94' lang='lat' dir='ltr'>in</span> <span class='ocrx_word' id='word_1_201' title='bbox 1424 2857 1500 2922; x_wconf 75' lang='lat' dir='ltr'>(lot-</span> 
     </span>
     <span class='ocr_line' id='line_1_23' title="bbox 358 2958 1501 3044; baseline 0 -21"><span class='ocrx_word' id='word_1_202' title='bbox 358 2961 398 3023; x_wconf 92' lang='lat' dir='ltr'>tii</span> <span class='ocrx_word' id='word_1_203' title='bbox 419 2981 520 3044; x_wconf 82' lang='lat' dir='ltr'>regno</span> <span class='ocrx_word' id='word_1_204' title='bbox 535 2967 585 3021; x_wconf 87' lang='lat' dir='ltr'>est</span> <span class='ocrx_word' id='word_1_205' title='bbox 606 2980 690 3044; x_wconf 88' lang='lat' dir='ltr'>aqua</span> <span class='ocrx_word' id='word_1_206' title='bbox 706 2979 748 3021; x_wconf 83' lang='lat' dir='ltr'>ex</span> <span class='ocrx_word' id='word_1_207' title='bbox 771 2980 834 3043; x_wconf 93' lang='lat' dir='ltr'>qua</span> <span class='ocrx_word' id='word_1_208' title='bbox 849 2958 904 3042; x_wconf 92' lang='lat' dir='ltr'>qui</span> <span class='ocrx_word' id='word_1_209' title='bbox 919 2966 1053 3042; x_wconf 86' lang='lat' dir='ltr'>gustant</span> <span class='ocrx_word' id='word_1_210' title='bbox 1075 2959 1186 3022; x_wconf 87' lang='lat' dir='ltr'>statim</span> <span class='ocrx_word' id='word_1_211' title='bbox 1202 2959 1385 3023; x_wconf 83' lang='lat' dir='ltr'>concidunt.</span> <span class='ocrx_word' id='word_1_212' title='bbox 1422 2981 1501 3043; x_wconf 81' lang='lat' dir='ltr'>agro</span> 
     </span>
     <span class='ocr_line' id='line_1_24' title="bbox 358 3049 1500 3147; baseline -0.004 -22"><span class='ocrx_word' id='word_1_213' title='bbox 358 3049 467 3125; x_wconf 80' lang='lat' dir='ltr'>autem</span> <span class='ocrx_word' id='word_1_214' title='bbox 489 3059 620 3124; x_wconf 83' lang='lat' dir='ltr'>Falisco</span> <span class='ocrx_word' id='word_1_215' title='bbox 643 3062 698 3124; x_wconf 90' lang='lat' dir='ltr'>via</span> <span class='ocrx_word' id='word_1_216' title='bbox 720 3058 887 3146; x_wconf 82' lang='lat' dir='ltr'>Campana</span> <span class='ocrx_word' id='word_1_217' title='bbox 908 3060 943 3122; x_wconf 92' lang='lat' dir='ltr'>in</span> <span class='ocrx_word' id='word_1_218' title='bbox 967 3081 1079 3147; x_wconf 88' lang='lat' dir='ltr'>campo</span> <span class='ocrx_word' id='word_1_219' title='bbox 1102 3060 1241 3124; x_wconf 81' lang='lat' dir='ltr'>Corneto</span> <span class='ocrx_word' id='word_1_220' title='bbox 1270 3070 1319 3124; x_wconf 83' lang='lat' dir='ltr'>est</span> <span class='ocrx_word' id='word_1_221' title='bbox 1346 3060 1437 3123; x_wconf 89' lang='lat' dir='ltr'>lucus</span> <span class='ocrx_word' id='word_1_222' title='bbox 1466 3061 1500 3122; x_wconf 92' lang='lat' dir='ltr'>in</span> 
     </span>
     <span class='ocr_line' id='line_1_25' title="bbox 360 3160 1501 3248; baseline -0.004 -22"><span class='ocrx_word' id='word_1_223' title='bbox 360 3185 423 3248; x_wconf 93' lang='lat' dir='ltr'>quo</span> <span class='ocrx_word' id='word_1_224' title='bbox 450 3161 524 3226; x_wconf 85' lang='lat' dir='ltr'>fons</span> <span class='ocrx_word' id='word_1_225' title='bbox 547 3161 665 3242; x_wconf 79' lang='lat' dir='ltr'>oritur,</span> <span class='ocrx_word' id='word_1_226' title='bbox 693 3161 806 3246; x_wconf 90' lang='lat' dir='ltr'>ibique</span> <span class='ocrx_word' id='word_1_227' title='bbox 828 3162 938 3224; x_wconf 90' lang='lat' dir='ltr'>avium</span> <span class='ocrx_word' id='word_1_228' title='bbox 962 3171 994 3224; x_wconf 89' lang='lat' dir='ltr'>et</span> <span class='ocrx_word' id='word_1_229' title='bbox 1020 3160 1214 3225; x_wconf 86' lang='lat' dir='ltr'>lacertarum</span> <span class='ocrx_word' id='word_1_230' title='bbox 1239 3160 1501 3247; x_wconf 89' lang='lat' dir='ltr'>reliquarumque</span> 
     </span>
     <span class='ocr_line' id='line_1_26' title="bbox 359 3263 1551 3351; baseline -0.002 -23"><span class='ocrx_word' id='word_1_231' title='bbox 359 3265 560 3351; x_wconf 84' lang='lat' dir='ltr'>serpentium</span> <span class='ocrx_word' id='word_1_232' title='bbox 582 3285 656 3326; x_wconf 91' lang='lat' dir='ltr'>ossa</span> <span class='ocrx_word' id='word_1_233' title='bbox 677 3263 816 3326; x_wconf 84' lang='lat' dir='ltr'>iacentia</span> <span class='ocrx_word' id='word_1_234' title='bbox 837 3272 1006 3349; x_wconf 74' lang='lat' dir='ltr'>apparent,</span> <span class='ocrx_word' id='word_1_235' title='bbox 1116 3319 1118 3327; x_wconf 30' lang='lat' dir='ltr'><em>s</em></span> <span class='ocrx_word' id='word_1_236' title='bbox 1518 3279 1551 3326; x_wconf 78' lang='lat'>25</span> 
     </span>
    </p>
   </div>
   <div class='ocr_carea' id='block_1_3' title="bbox 359 3451 1501 4779">
    <p class='ocr_par' dir='ltr' id='par_1_3' title="bbox 359 3451 1501 4779">
     <span class='ocr_line' id='line_1_27' title="bbox 429 3451 1501 3517; baseline -0.003 -13"><span class='ocrx_word' id='word_1_237' title='bbox 429 3456 442 3503; x_wconf 89' lang='lat'>1</span> <span class='ocrx_word' id='word_1_238' title='bbox 462 3456 628 3504; x_wconf 84' lang='lat' dir='ltr'>venenatam</span> <span class='ocrx_word' id='word_1_239' title='bbox 639 3489 644 3499; x_wconf 95' lang='lat'><em>.</em></span> <span class='ocrx_word' id='word_1_240' title='bbox 655 3452 697 3500; x_wconf 88' lang='lat' dir='ltr'>uti</span> <span class='ocrx_word' id='word_1_241' title='bbox 711 3451 784 3516; x_wconf 73' lang='lat' dir='ltr'>(·—ta</span> <span class='ocrx_word' id='word_1_242' title='bbox 795 3490 800 3501; x_wconf 94' lang='lat'><strong><em>.</em></strong></span> <span class='ocrx_word' id='word_1_243' title='bbox 812 3454 853 3502; x_wconf 87' lang='lat' dir='ltr'>uti</span> <span class='ocrx_word' id='word_1_244' title='bbox 867 3451 898 3517; x_wconf 77' lang='lat' dir='ltr'>G)</span> <span class='ocrx_word' id='word_1_245' title='bbox 912 3452 973 3503; x_wconf 83' lang='lat' dir='ltr'>EG:</span> <span class='ocrx_word' id='word_1_246' title='bbox 992 3456 1132 3502; x_wconf 85' lang='lat' dir='ltr'>venenata</span> <span class='ocrx_word' id='word_1_247' title='bbox 1144 3453 1211 3502; x_wconf 87' lang='lat' dir='ltr'>muti</span> <span class='ocrx_word' id='word_1_248' title='bbox 1223 3454 1253 3502; x_wconf 95' lang='lat' dir='ltr'><em>H</em></span> <span class='ocrx_word' id='word_1_249' title='bbox 1269 3452 1420 3515; x_wconf 85' lang='lat' dir='ltr'>(venenata</span> <span class='ocrx_word' id='word_1_250' title='bbox 1431 3453 1501 3502; x_wconf 90' lang='lat' dir='ltr'>muti</span> 
     </span>
     <span class='ocr_line' id='line_1_28' title="bbox 360 3531 1500 3604; baseline -0.004 -14"><span class='ocrx_word' id='word_1_251' title='bbox 360 3543 390 3597; x_wconf 81' lang='lat' dir='ltr'>tr,</span> <span class='ocrx_word' id='word_1_252' title='bbox 410 3543 489 3588; x_wconf 82' lang='lat' dir='ltr'>—ta.</span> <span class='ocrx_word' id='word_1_253' title='bbox 502 3538 571 3586; x_wconf 85' lang='lat' dir='ltr'>muti</span> <span class='ocrx_word' id='word_1_254' title='bbox 589 3536 620 3594; x_wconf 88' lang='lat' dir='ltr'>L,</span> <span class='ocrx_word' id='word_1_255' title='bbox 640 3537 771 3586; x_wconf 53' lang='lat' dir='ltr'>-tinuti</span> <span class='ocrx_word' id='word_1_256' title='bbox 788 3536 852 3600; x_wconf 68' lang='lat' dir='ltr'>cot).</span> <span class='ocrx_word' id='word_1_257' title='bbox 873 3531 886 3602; x_wconf 77' lang='lat' dir='ltr'>ll</span> <span class='ocrx_word' id='word_1_258' title='bbox 910 3540 1000 3586; x_wconf 86' lang='lat' dir='ltr'>terrae</span> <span class='ocrx_word' id='word_1_259' title='bbox 1020 3537 1101 3586; x_wconf 82' lang='lat' dir='ltr'>sinae</span> <span class='ocrx_word' id='word_1_260' title='bbox 1124 3537 1272 3604; x_wconf 64' lang='lat' dir='ltr'>(terrocinq</span> <span class='ocrx_word' id='word_1_261' title='bbox 1292 3538 1324 3597; x_wconf 80' lang='grc' dir='ltr'>θ,</span> <span class='ocrx_word' id='word_1_262' title='bbox 1348 3542 1420 3602; x_wconf 71' lang='lat' dir='ltr'>terre</span> <span class='ocrx_word' id='word_1_263' title='bbox 1439 3537 1500 3602; x_wconf 72' lang='lat' dir='ltr'>cinq</span> 
     </span>
     <span class='ocr_line' id='line_1_29' title="bbox 360 3615 1498 3688; baseline -0.004 -14"><span class='ocrx_word' id='word_1_264' title='bbox 360 3623 397 3688; x_wconf 83' lang='grc' dir='ltr'>Ε)</span> <span class='ocrx_word' id='word_1_265' title='bbox 419 3620 507 3675; x_wconf 78' lang='lat' dir='ltr'><em>EGH.</em></span> <span class='ocrx_word' id='word_1_266' title='bbox 530 3615 542 3686; x_wconf 77' lang='lat' dir='ltr'>ll</span> <span class='ocrx_word' id='word_1_267' title='bbox 569 3624 584 3670; x_wconf 80' lang='lat'>2</span> <span class='ocrx_word' id='word_1_268' title='bbox 603 3620 785 3686; x_wconf 85' lang='lat' dir='ltr'>privabuntur</span> <span class='ocrx_word' id='word_1_269' title='bbox 808 3619 836 3684; x_wconf 93' lang='lat' dir='ltr'>(u</span> <span class='ocrx_word' id='word_1_270' title='bbox 853 3622 879 3670; x_wconf 84' lang='lat' dir='ltr'>in</span> <span class='ocrx_word' id='word_1_271' title='bbox 896 3618 962 3683; x_wconf 82' lang='lat' dir='ltr'>ras.)</span> <span class='ocrx_word' id='word_1_272' title='bbox 988 3620 1032 3670; x_wconf 68' lang='lat' dir='ltr'>Ec,</span> <span class='ocrx_word' id='word_1_273' title='bbox 1054 3617 1066 3686; x_wconf 86' lang='grc' dir='ltr'>ΙΙ</span> <span class='ocrx_word' id='word_1_274' title='bbox 1090 3623 1178 3686; x_wconf 69' lang='lat' dir='ltr'>:iqua</span> <span class='ocrx_word' id='word_1_275' title='bbox 1195 3627 1320 3686; x_wconf 86' lang='lat' dir='ltr'>propter:</span> <span class='ocrx_word' id='word_1_276' title='bbox 1345 3623 1410 3686; x_wconf 85' lang='lat' dir='ltr'>quia</span> <span class='ocrx_word' id='word_1_277' title='bbox 1432 3621 1465 3670; x_wconf 87' lang='lat' dir='ltr'>E.</span> <span class='ocrx_word' id='word_1_278' title='bbox 1487 3619 1498 3686; x_wconf 78' lang='lat' dir='ltr'>ll</span> 
     </span>
     <span class='ocr_line' id='line_1_30' title="bbox 361 3701 1501 3770; baseline -0.004 -12"><span class='ocrx_word' id='word_1_279' title='bbox 361 3705 581 3758; x_wconf 86' lang='lat' dir='ltr'>chrohsithracia</span> <span class='ocrx_word' id='word_1_280' title='bbox 605 3704 816 3770; x_wconf 84' lang='lat' dir='ltr'>(orobsithraoia</span> <span class='ocrx_word' id='word_1_281' title='bbox 840 3704 876 3763; x_wconf 82' lang='lat' dir='ltr'>E,</span> <span class='ocrx_word' id='word_1_282' title='bbox 900 3704 1117 3754; x_wconf 83' lang='lat' dir='ltr'>chrobsithratia</span> <span class='ocrx_word' id='word_1_283' title='bbox 1136 3702 1174 3768; x_wconf 92' lang='lat' dir='ltr'>H)</span> <span class='ocrx_word' id='word_1_284' title='bbox 1198 3706 1283 3759; x_wconf 70' lang='grc' dir='ltr'><em>ΕΘΗ.</em></span> <span class='ocrx_word' id='word_1_285' title='bbox 1306 3701 1318 3770; x_wconf 76' lang='grc' dir='ltr'>ΙΙ</span> <span class='ocrx_word' id='word_1_286' title='bbox 1341 3708 1357 3755; x_wconf 81' lang='lat'><strong>5</strong></span> <span class='ocrx_word' id='word_1_287' title='bbox 1380 3705 1501 3755; x_wconf 82' lang='lat' dir='ltr'>laberint</span> 
     </span>
     <span class='ocr_line' id='line_1_31' title="bbox 362 3785 1500 3857; baseline -0.004 -16"><span class='ocrx_word' id='word_1_288' title='bbox 362 3793 389 3841; x_wconf 90' lang='lat' dir='ltr'><em>H</em></span> <span class='ocrx_word' id='word_1_289' title='bbox 408 3787 463 3857; x_wconf 84' lang='lat' dir='ltr'><em>(L).</em></span> <span class='ocrx_word' id='word_1_290' title='bbox 488 3786 500 3857; x_wconf 76' lang='grc' dir='ltr'>ΙΙ</span> <span class='ocrx_word' id='word_1_291' title='bbox 522 3793 537 3840; x_wconf 82' lang='grc'>7</span> <span class='ocrx_word' id='word_1_292' title='bbox 555 3790 667 3855; x_wconf 85' lang='lat' dir='ltr'>propius</span> <span class='ocrx_word' id='word_1_293' title='bbox 691 3790 739 3839; x_wconf 81' lang='lat' dir='ltr'>EG</span> <span class='ocrx_word' id='word_1_294' title='bbox 761 3787 819 3855; x_wconf 84' lang='lat' dir='ltr'>(lc):</span> <span class='ocrx_word' id='word_1_295' title='bbox 847 3790 973 3854; x_wconf 81' lang='lat' dir='ltr'>proprius</span> <span class='ocrx_word' id='word_1_296' title='bbox 995 3791 1024 3838; x_wconf 93' lang='lat' dir='ltr'><em>H</em></span> <span class='ocrx_word' id='word_1_297' title='bbox 1042 3785 1097 3851; x_wconf 87' lang='lat' dir='ltr'><em>(L).</em></span> <span class='ocrx_word' id='word_1_298' title='bbox 1124 3785 1135 3853; x_wconf 81' lang='grc' dir='ltr'>ΙΙ</span> <span class='ocrx_word' id='word_1_299' title='bbox 1158 3790 1246 3851; x_wconf 88' lang='lat' dir='ltr'>8quo</span> <span class='ocrx_word' id='word_1_300' title='bbox 1270 3788 1325 3838; x_wconf 85' lang='lat' dir='ltr'>loci</span> <span class='ocrx_word' id='word_1_301' title='bbox 1348 3791 1402 3838; x_wconf 74' lang='lat' dir='ltr'>ert:</span> <span class='ocrx_word' id='word_1_302' title='bbox 1428 3789 1500 3852; x_wconf 90' lang='lat' dir='ltr'>quod</span> 
     </span>
     <span class='ocr_line' id='line_1_32' title="bbox 359 3868 1499 3940; baseline -0.004 -16"><span class='ocrx_word' id='word_1_303' title='bbox 359 3876 457 3926; x_wconf 83' lang='lat' dir='ltr'>loeiH</span> <span class='ocrx_word' id='word_1_304' title='bbox 469 3872 514 3940; x_wconf 86' lang='lat' dir='ltr'>(L,</span> <span class='ocrx_word' id='word_1_305' title='bbox 534 3873 566 3939; x_wconf 83' lang='lat' dir='ltr'>qd</span> <span class='ocrx_word' id='word_1_306' title='bbox 587 3874 641 3924; x_wconf 87' lang='lat' dir='ltr'>loci</span> <span class='ocrx_word' id='word_1_307' title='bbox 658 3875 697 3938; x_wconf 77' lang='lat' dir='ltr'>alt,</span> <span class='ocrx_word' id='word_1_308' title='bbox 716 3873 753 3939; x_wconf 83' lang='lat' dir='ltr'>qd</span> <span class='ocrx_word' id='word_1_309' title='bbox 770 3874 885 3937; x_wconf 77' lang='lat' dir='ltr'>locist),</span> <span class='ocrx_word' id='word_1_310' title='bbox 905 3890 957 3939; x_wconf 88' lang='lat' dir='ltr'>quo</span> <span class='ocrx_word' id='word_1_311' title='bbox 975 3874 1039 3923; x_wconf 85' lang='lat' dir='ltr'>looo&#39;</span> <span class='ocrx_word' id='word_1_312' title='bbox 1054 3873 1109 3923; x_wconf 81' lang='lat' dir='ltr'>EG.</span> <span class='ocrx_word' id='word_1_313' title='bbox 1132 3868 1145 3938; x_wconf 82' lang='grc' dir='ltr'>ΙΙ</span> <span class='ocrx_word' id='word_1_314' title='bbox 1168 3875 1200 3922; x_wconf 88' lang='grc'>10</span> <span class='ocrx_word' id='word_1_315' title='bbox 1219 3873 1345 3937; x_wconf 87' lang='lat' dir='ltr'>equibus</span> <span class='ocrx_word' id='word_1_316' title='bbox 1364 3874 1398 3923; x_wconf 90' lang='lat' dir='ltr'>ad</span> <span class='ocrx_word' id='word_1_317' title='bbox 1417 3889 1499 3921; x_wconf 88' lang='lat' dir='ltr'>unum</span> 
     </span>
     <span class='ocr_line' id='line_1_33' title="bbox 360 3953 1500 4025; baseline -0.004 -16"><span class='ocrx_word' id='word_1_318' title='bbox 360 3960 422 4011; x_wconf 76' lang='lat' dir='ltr'>Eu:</span> <span class='ocrx_word' id='word_1_319' title='bbox 445 3975 492 4011; x_wconf 85' lang='lat' dir='ltr'>om.</span> <span class='ocrx_word' id='word_1_320' title='bbox 509 3960 542 4008; x_wconf 86' lang='lat' dir='ltr'><em>H</em></span> <span class='ocrx_word' id='word_1_321' title='bbox 557 3957 641 4025; x_wconf 75' lang='lat' dir='ltr'>(hle),</span> <span class='ocrx_word' id='word_1_322' title='bbox 663 3960 706 4009; x_wconf 81' lang='lat' dir='ltr'>ubi</span> <span class='ocrx_word' id='word_1_323' title='bbox 722 3961 771 4011; x_wconf 81' lang='lat' dir='ltr'>sie:</span> <span class='ocrx_word' id='word_1_324' title='bbox 796 3963 962 4010; x_wconf 82' lang='lat' dir='ltr'>concurrunt</span> <span class='ocrx_word' id='word_1_325' title='bbox 979 3959 1091 4007; x_wconf 88' lang='lat' dir='ltr'>inunum</span> <span class='ocrx_word' id='word_1_326' title='bbox 1115 3957 1316 4006; x_wconf 81' lang='lat' dir='ltr'>aooumbentes.</span> <span class='ocrx_word' id='word_1_327' title='bbox 1337 3953 1349 4022; x_wconf 83' lang='grc'>11</span> <span class='ocrx_word' id='word_1_328' title='bbox 1372 3959 1402 4005; x_wconf 92' lang='grc'>11</span> <span class='ocrx_word' id='word_1_329' title='bbox 1421 3972 1500 4020; x_wconf 83' lang='lat' dir='ltr'>pran-</span> 
     </span>
     <span class='ocr_line' id='line_1_34' title="bbox 359 4038 1501 4111; baseline -0.005 -17"><span class='ocrx_word' id='word_1_330' title='bbox 359 4046 446 4095; x_wconf 79' lang='lat' dir='ltr'>sitare</span> <span class='ocrx_word' id='word_1_331' title='bbox 464 4044 534 4097; x_wconf 69' lang='lat' dir='ltr'>loa:</span> <span class='ocrx_word' id='word_1_332' title='bbox 553 4044 705 4095; x_wconf 69' lang='lat' dir='ltr'>transiture</span> <span class='ocrx_word' id='word_1_333' title='bbox 723 4045 809 4098; x_wconf 80' lang='lat' dir='ltr'><em>EGH.</em></span> <span class='ocrx_word' id='word_1_334' title='bbox 831 4041 844 4111; x_wconf 77' lang='lat' dir='ltr'>[l</span> <span class='ocrx_word' id='word_1_335' title='bbox 869 4047 899 4093; x_wconf 78' lang='lat'>12</span> <span class='ocrx_word' id='word_1_336' title='bbox 919 4049 1011 4094; x_wconf 88' lang='lat' dir='ltr'>autem</span> <span class='ocrx_word' id='word_1_337' title='bbox 1023 4044 1085 4099; x_wconf 83' lang='grc' dir='ltr'>ΕΗ,</span> <span class='ocrx_word' id='word_1_338' title='bbox 1109 4061 1122 4096; x_wconf 78' lang='grc' dir='ltr'><strong>κ</strong></span> <span class='ocrx_word' id='word_1_339' title='bbox 1145 4044 1173 4094; x_wconf 82' lang='lat' dir='ltr'>G.</span> <span class='ocrx_word' id='word_1_340' title='bbox 1197 4038 1209 4108; x_wconf 91' lang='grc' dir='ltr'>ΙΙ</span> <span class='ocrx_word' id='word_1_341' title='bbox 1233 4045 1263 4092; x_wconf 86' lang='grc'>13</span> <span class='ocrx_word' id='word_1_342' title='bbox 1277 4042 1348 4106; x_wconf 89' lang='lat' dir='ltr'>quod</span> <span class='ocrx_word' id='word_1_343' title='bbox 1362 4043 1417 4100; x_wconf 77' lang='lat' dir='ltr'>GH,</span> <span class='ocrx_word' id='word_1_344' title='bbox 1437 4041 1501 4105; x_wconf 83' lang='lat' dir='ltr'>quia</span> 
     </span>
     <span class='ocr_line' id='line_1_35' title="bbox 361 4123 1500 4195; baseline -0.004 -16"><span class='ocrx_word' id='word_1_345' title='bbox 361 4130 394 4179; x_wconf 85' lang='lat' dir='ltr'>E.</span> <span class='ocrx_word' id='word_1_346' title='bbox 416 4124 429 4194; x_wconf 80' lang='grc' dir='ltr'>ΙΙ</span> <span class='ocrx_word' id='word_1_347' title='bbox 454 4130 487 4179; x_wconf 83' lang='grc'>14</span> <span class='ocrx_word' id='word_1_348' title='bbox 503 4128 633 4194; x_wconf 79' lang='lat' dir='ltr'>nonagris</span> <span class='ocrx_word' id='word_1_349' title='bbox 651 4129 676 4178; x_wconf 82' lang='lat' dir='ltr'><em>E</em></span> <span class='ocrx_word' id='word_1_350' title='bbox 695 4125 781 4195; x_wconf 78' lang='lat' dir='ltr'>(10)‚i</span> <span class='ocrx_word' id='word_1_351' title='bbox 799 4130 873 4194; x_wconf 83' lang='lat' dir='ltr'>agris</span> <span class='ocrx_word' id='word_1_352' title='bbox 893 4129 921 4185; x_wconf 84' lang='lat' dir='ltr'>G,</span> <span class='ocrx_word' id='word_1_353' title='bbox 941 4128 1047 4192; x_wconf 67' lang='lat' dir='ltr'>filagris</span> <span class='ocrx_word' id='word_1_354' title='bbox 1064 4127 1097 4175; x_wconf 97' lang='lat' dir='ltr'><em>H</em></span> <span class='ocrx_word' id='word_1_355' title='bbox 1112 4125 1289 4191; x_wconf 66' lang='lat' dir='ltr'>(noninagris</span> <span class='ocrx_word' id='word_1_356' title='bbox 1308 4126 1351 4188; x_wconf 85' lang='lat' dir='ltr'>L).</span> <span class='ocrx_word' id='word_1_357' title='bbox 1375 4123 1387 4192; x_wconf 79' lang='grc' dir='ltr'>Ι]</span> <span class='ocrx_word' id='word_1_358' title='bbox 1416 4128 1448 4176; x_wconf 80' lang='lat'>15</span> <span class='ocrx_word' id='word_1_359' title='bbox 1466 4142 1500 4174; x_wconf 81' lang='lat' dir='ltr'>ex</span> 
     </span>
     <span class='ocr_line' id='line_1_36' title="bbox 361 4209 1499 4280; baseline -0.002 -18"><span class='ocrx_word' id='word_1_360' title='bbox 361 4227 440 4264; x_wconf 80' lang='lat' dir='ltr'>saxo:</span> <span class='ocrx_word' id='word_1_361' title='bbox 459 4209 622 4280; x_wconf 65' lang='grc'>1111161111</span> <span class='ocrx_word' id='word_1_362' title='bbox 639 4215 670 4262; x_wconf 87' lang='grc'>16</span> <span class='ocrx_word' id='word_1_363' title='bbox 689 4229 762 4277; x_wconf 85' lang='lat' dir='ltr'>aqua</span> <span class='ocrx_word' id='word_1_364' title='bbox 779 4214 886 4278; x_wconf 84' lang='lat' dir='ltr'>stygios</span> <span class='ocrx_word' id='word_1_365' title='bbox 904 4211 992 4275; x_wconf 89' lang='lat' dir='ltr'>hydor</span> <span class='ocrx_word' id='word_1_366' title='bbox 1005 4212 1033 4269; x_wconf 81' lang='lat' dir='ltr'>G,</span> <span class='ocrx_word' id='word_1_367' title='bbox 1054 4225 1139 4274; x_wconf 84' lang='lat' dir='ltr'>aquas</span> <span class='ocrx_word' id='word_1_368' title='bbox 1152 4209 1244 4274; x_wconf 81' lang='lat' dir='ltr'>tyglos</span> <span class='ocrx_word' id='word_1_369' title='bbox 1256 4210 1342 4273; x_wconf 86' lang='lat' dir='ltr'>hydor</span> <span class='ocrx_word' id='word_1_370' title='bbox 1354 4211 1408 4260; x_wconf 83' lang='grc' dir='ltr'>ΕΗ</span> <span class='ocrx_word' id='word_1_371' title='bbox 1420 4211 1499 4273; x_wconf 79' lang='lat' dir='ltr'>(He).</span> 
     </span>
     <span class='ocr_line' id='line_1_37' title="bbox 360 4291 1499 4364; baseline -0.004 -16"><span class='ocrx_word' id='word_1_372' title='bbox 360 4314 429 4348; x_wconf 79' lang='lat' dir='ltr'>corr.</span> <span class='ocrx_word' id='word_1_373' title='bbox 450 4299 493 4348; x_wconf 82' lang='lat' dir='ltr'>ed.</span> <span class='ocrx_word' id='word_1_374' title='bbox 514 4292 526 4364; x_wconf 78' lang='lat' dir='ltr'>ll</span> <span class='ocrx_word' id='word_1_375' title='bbox 552 4303 694 4362; x_wconf 80' lang='lat' dir='ltr'>argentum</span> <span class='ocrx_word' id='word_1_376' title='bbox 717 4299 753 4346; x_wconf 93' lang='lat' dir='ltr'>H.</span> <span class='ocrx_word' id='word_1_377' title='bbox 781 4292 793 4362; x_wconf 77' lang='lat' dir='ltr'>ll</span> <span class='ocrx_word' id='word_1_378' title='bbox 822 4299 853 4347; x_wconf 78' lang='lat'>17</span> <span class='ocrx_word' id='word_1_379' title='bbox 875 4312 927 4345; x_wconf 86' lang='lat' dir='ltr'>neo</span> <span class='ocrx_word' id='word_1_380' title='bbox 949 4296 1081 4346; x_wconf 88' lang='lat' dir='ltr'>ferreum:</span> <span class='ocrx_word' id='word_1_381' title='bbox 1111 4297 1148 4344; x_wconf 80' lang='lat' dir='ltr'>sio</span> <span class='ocrx_word' id='word_1_382' title='bbox 1165 4294 1250 4346; x_wconf 83' lang='lat' dir='ltr'><em>EGH.</em></span> <span class='ocrx_word' id='word_1_383' title='bbox 1276 4291 1288 4360; x_wconf 90' lang='grc' dir='ltr'>ΙΙ</span> <span class='ocrx_word' id='word_1_384' title='bbox 1312 4297 1343 4345; x_wconf 86' lang='grc'>19</span> <span class='ocrx_word' id='word_1_385' title='bbox 1363 4310 1417 4359; x_wconf 83' lang='lat' dir='ltr'>qua</span> <span class='ocrx_word' id='word_1_386' title='bbox 1440 4311 1499 4360; x_wconf 72' lang='lat' dir='ltr'>epo:</span> 
     </span>
     <span class='ocr_line' id='line_1_38' title="bbox 362 4375 1501 4448; baseline -0.002 -18"><span class='ocrx_word' id='word_1_387' title='bbox 362 4396 432 4447; x_wconf 87' lang='lat' dir='ltr'>quae</span> <span class='ocrx_word' id='word_1_388' title='bbox 446 4381 484 4447; x_wconf 76' lang='lat' dir='ltr'>(q)</span> <span class='ocrx_word' id='word_1_389' title='bbox 497 4381 584 4433; x_wconf 80' lang='lat' dir='ltr'><em>EGH.</em></span> <span class='ocrx_word' id='word_1_390' title='bbox 605 4377 617 4448; x_wconf 76' lang='lat' dir='ltr'>{l</span> <span class='ocrx_word' id='word_1_391' title='bbox 638 4384 671 4431; x_wconf 79' lang='lat'>20</span> <span class='ocrx_word' id='word_1_392' title='bbox 689 4382 858 4446; x_wconf 88' lang='lat' dir='ltr'>provinciam</span> <span class='ocrx_word' id='word_1_393' title='bbox 877 4382 931 4429; x_wconf 73' lang='lat' dir='ltr'>ea:</span> <span class='ocrx_word' id='word_1_394' title='bbox 950 4380 1030 4428; x_wconf 83' lang='lat' dir='ltr'>—cia</span> <span class='ocrx_word' id='word_1_395' title='bbox 1048 4378 1132 4431; x_wconf 83' lang='lat' dir='ltr'><em>EGH.</em></span> <span class='ocrx_word' id='word_1_396' title='bbox 1158 4375 1171 4444; x_wconf 83' lang='grc' dir='ltr'>ΙΙ</span> <span class='ocrx_word' id='word_1_397' title='bbox 1193 4378 1391 4443; x_wconf 76' lang='lat' dir='ltr'>perlatahaet:</span> <span class='ocrx_word' id='word_1_398' title='bbox 1410 4378 1501 4443; x_wconf 86' lang='lat' dir='ltr'>perla-</span> 
     </span>
     <span class='ocr_line' id='line_1_39' title="bbox 362 4461 1500 4533; baseline -0.001 -18"><span class='ocrx_word' id='word_1_399' title='bbox 362 4471 418 4516; x_wconf 88' lang='lat' dir='ltr'>tum</span> <span class='ocrx_word' id='word_1_400' title='bbox 436 4465 523 4516; x_wconf 80' lang='lat' dir='ltr'><em>EGH.</em></span> <span class='ocrx_word' id='word_1_401' title='bbox 544 4463 556 4533; x_wconf 82' lang='grc' dir='ltr'>ΙΙ</span> <span class='ocrx_word' id='word_1_402' title='bbox 576 4468 605 4514; x_wconf 81' lang='lat'>21</span> <span class='ocrx_word' id='word_1_403' title='bbox 626 4466 714 4518; x_wconf 76' lang='lat' dir='ltr'>Cottii</span> <span class='ocrx_word' id='word_1_404' title='bbox 725 4463 812 4528; x_wconf 83' lang='lat' dir='ltr'>(Cotti</span> <span class='ocrx_word' id='word_1_405' title='bbox 828 4465 913 4527; x_wconf 81' lang='lat' dir='ltr'>Joc.):</span> <span class='ocrx_word' id='word_1_406' title='bbox 933 4465 1098 4514; x_wconf 82' lang='lat' dir='ltr'>crobiEGH</span> <span class='ocrx_word' id='word_1_407' title='bbox 1115 4462 1189 4527; x_wconf 76' lang='lat' dir='ltr'>(Lol,</span> <span class='ocrx_word' id='word_1_408' title='bbox 1203 4464 1292 4514; x_wconf 82' lang='lat' dir='ltr'>orobri</span> <span class='ocrx_word' id='word_1_409' title='bbox 1310 4464 1339 4529; x_wconf 75' lang='grc' dir='ltr'>Ι).</span> <span class='ocrx_word' id='word_1_410' title='bbox 1357 4461 1500 4531; x_wconf 63' lang='grc'>11211111</span> 
     </span>
     <span class='ocr_line' id='line_1_40' title="bbox 362 4545 1500 4618; baseline -0.004 -16"><span class='ocrx_word' id='word_1_411' title='bbox 362 4568 453 4618; x_wconf 78' lang='lat' dir='ltr'>exqua</span> <span class='ocrx_word' id='word_1_412' title='bbox 475 4554 522 4618; x_wconf 86' lang='lat' dir='ltr'>qui</span> <span class='ocrx_word' id='word_1_413' title='bbox 544 4553 605 4603; x_wconf 84' lang='lat' dir='ltr'>EG:</span> <span class='ocrx_word' id='word_1_414' title='bbox 632 4567 704 4615; x_wconf 83' lang='lat' dir='ltr'>aqua</span> <span class='ocrx_word' id='word_1_415' title='bbox 726 4550 774 4614; x_wconf 93' lang='lat' dir='ltr'>qui</span> <span class='ocrx_word' id='word_1_416' title='bbox 796 4550 825 4598; x_wconf 93' lang='lat' dir='ltr'><em>H</em></span> <span class='ocrx_word' id='word_1_417' title='bbox 847 4546 928 4611; x_wconf 81' lang='lat' dir='ltr'>(Lle).</span> <span class='ocrx_word' id='word_1_418' title='bbox 952 4545 963 4613; x_wconf 80' lang='grc' dir='ltr'>Η</span> <span class='ocrx_word' id='word_1_419' title='bbox 990 4552 1023 4599; x_wconf 80' lang='grc'>23</span> <span class='ocrx_word' id='word_1_420' title='bbox 1046 4549 1192 4615; x_wconf 83' lang='lat' dir='ltr'>campania</span> <span class='ocrx_word' id='word_1_421' title='bbox 1215 4550 1250 4600; x_wconf 77' lang='lat'>60</span> <span class='ocrx_word' id='word_1_422' title='bbox 1267 4548 1365 4613; x_wconf 73' lang='lat' dir='ltr'>(solua).</span> <span class='ocrx_word' id='word_1_423' title='bbox 1388 4546 1399 4615; x_wconf 88' lang='grc' dir='ltr'>ΙΙ</span> <span class='ocrx_word' id='word_1_424' title='bbox 1421 4548 1500 4598; x_wconf 81' lang='lat' dir='ltr'>lusus</span> 
     </span>
     <span class='ocr_line' id='line_1_41' title="bbox 362 4629 1501 4703; baseline -0.004 -16"><span class='ocrx_word' id='word_1_425' title='bbox 362 4637 440 4689; x_wconf 77' lang='lat' dir='ltr'>EGH</span> <span class='ocrx_word' id='word_1_426' title='bbox 458 4636 512 4701; x_wconf 80' lang='lat' dir='ltr'><em>(LI,</em></span> <span class='ocrx_word' id='word_1_427' title='bbox 530 4637 609 4687; x_wconf 81' lang='lat' dir='ltr'>loeus</span> <span class='ocrx_word' id='word_1_428' title='bbox 627 4636 671 4696; x_wconf 76' lang='lat' dir='ltr'>ck,</span> <span class='ocrx_word' id='word_1_429' title='bbox 698 4631 789 4700; x_wconf 79' lang='lat' dir='ltr'>[lacus</span> <span class='ocrx_word' id='word_1_430' title='bbox 806 4631 851 4697; x_wconf 84' lang='lat' dir='ltr'><em>v]).</em></span> <span class='ocrx_word' id='word_1_431' title='bbox 872 4629 884 4698; x_wconf 76' lang='lat' dir='ltr'>ll</span> <span class='ocrx_word' id='word_1_432' title='bbox 907 4634 940 4682; x_wconf 81' lang='lat'>24</span> <span class='ocrx_word' id='word_1_433' title='bbox 963 4632 1056 4697; x_wconf 87' lang='lat' dir='ltr'>ibique</span> <span class='ocrx_word' id='word_1_434' title='bbox 1075 4634 1136 4685; x_wconf 84' lang='lat' dir='ltr'>EG:</span> <span class='ocrx_word' id='word_1_435' title='bbox 1161 4634 1260 4703; x_wconf 86' lang='lat' dir='ltr'>ubique</span> <span class='ocrx_word' id='word_1_436' title='bbox 1283 4635 1314 4682; x_wconf 96' lang='lat' dir='ltr'><em>H</em></span> <span class='ocrx_word' id='word_1_437' title='bbox 1330 4632 1409 4697; x_wconf 85' lang='lat' dir='ltr'>(Llc).</span> <span class='ocrx_word' id='word_1_438' title='bbox 1434 4630 1446 4698; x_wconf 83' lang='grc' dir='ltr'>ΙΙ</span> <span class='ocrx_word' id='word_1_439' title='bbox 1468 4636 1501 4683; x_wconf 79' lang='lat'>25</span> 
     </span>
     <span class='ocr_line' id='line_1_42' title="bbox 361 4721 699 4779; baseline 0.015 -11"><span class='ocrx_word' id='word_1_440' title='bbox 361 4721 487 4779; x_wconf 71' lang='lat' dir='ltr'>tacentia</span> <span class='ocrx_word' id='word_1_441' title='bbox 504 4728 564 4771; x_wconf 80' lang='lat' dir='ltr'>ante</span> <span class='ocrx_word' id='word_1_442' title='bbox 582 4738 650 4774; x_wconf 81' lang='lat' dir='ltr'>corr.</span> <span class='ocrx_word' id='word_1_443' title='bbox 671 4723 699 4774; x_wconf 84' lang='lat' dir='ltr'>G.</span> 
     </span>
    </p>
   </div>
   <div class='ocr_carea' id='block_1_4' title="bbox 1044 4919 1053 4947">
    <p class='ocr_par' dir='ltr' id='par_1_4' title="bbox 1044 4919 1053 4947">
     <span class='ocr_line' id='line_1_43' title="bbox 1044 4919 1053 4947; baseline 0 0"><span class='ocrx_word' id='word_1_444' title='bbox 1044 4919 1053 4947; x_wconf 71' lang='grc' dir='ltr'>ἱ</span> 
     </span>
    </p>
   </div>
   <div class='ocr_carea' id='block_1_5' title="bbox 0 0 1901 5625">
    <p class='ocr_par' dir='ltr' id='par_1_5' title="bbox 0 0 1901 5625">
     <span class='ocr_line' id='line_1_44' title="bbox 0 0 1901 5625; baseline 0 0"><span class='ocrx_word' id='word_1_445' title='bbox 0 0 1901 5625; x_wconf 95' lang='lat' dir='ltr'> </span> 
     </span>
    </p>
   </div>
  </div>
 </body>
</html>
