3784 5625
665 698 720 770 na·
735 699 1003 747 Ancnrrucrum
1027 702 1096 747 mn.
1121 703 1154 748 x.
1416 687 1478 751 271

336 854 433 917 coriis
456 850 641 939 duplicibus
665 852 808 915 consutis
832 850 925 916 fartis
949 850 1024 936 alga
1045 862 1101 916 aut
1123 852 1225 939 paleis
1248 855 1283 917 in
1304 864 1396 918 aceto
1411 877 1477 918 ma-

337 955 455 1018 ceratis
490 954 576 1017 circa
607 961 737 1037 tegatur
768 952 918 1016 machina
950 962 1029 1017 tota.
1073 956 1120 1017 ita
1146 954 1188 1018 ab
1219 955 1270 1019 his
1303 956 1478 1020 reicientur

334 1055 451 1142 plagae
473 1053 677 1119 ballistarum
701 1064 732 1118 et
754 1055 893 1141 impetus
916 1054 1151 1120 incendiorum.

243 1169 313 1232 (xv)
419 1157 481 1221 Est
503 1165 611 1220 autem
634 1165 665 1219 et
687 1154 777 1218 aliud
798 1177 901 1240 genus
917 1156 1104 1240 testudinis,
1128 1158 1214 1244 quod
1229 1157 1354 1245 reliqua
1368 1160 1476 1223 omnia
1492 1170 1559 1220 XXI

334 1258 433 1322 habet
461 1256 732 1344 quemadmodum
761 1279 843 1343 quae
870 1279 968 1343 supra
996 1260 1117 1346 scripta
1143 1269 1235 1342 sunt,
1269 1269 1398 1345 praeter
1425 1273 1510 1324 cas

334 1358 477 1446 preoloS,
510 1358 568 1421 sed
597 1357 696 1422 habet
725 1360 810 1422 circa
840 1356 986 1443 pluteum
1015 1369 1047 1423 et
1077 1361 1193 1447 pinnas
1224 1382 1266 1423 ex
1292 1360 1413 1425 tabulis
1444 1371 1485 1438 et,

333 1482 472 1547 superne
495 1459 699 1543 subgrundas
721 1459 918 1544 proclinatas
941 1482 1050 1546 supra,
1080 1483 1161 1547 quae
1183 1460 1303 1526 tabulis
1326 1473 1357 1527 et
1379 1463 1476 1528 coriis

333 1563 470 1626 firmiter
496 1560 572 1624 fixis
601 1562 818 1625 continentur.
862 1560 997 1645 insuper
1023 1583 1101 1627 vero
1124 1561 1242 1647 argilla
1264 1586 1336 1628 cum
1358 1563 1475 1650 capillo

334 1663 470 1727 subacta
492 1661 535 1725 ad
558 1683 628 1724 eam
652 1661 902 1726 crassitudinem
923 1662 1099 1727 inducatur
1113 1672 1150 1727 ut
1164 1664 1250 1748 ignis
1267 1667 1395 1729 omnino
1410 1688 1475 1730 non

332 1766 437 1850 possit
460 1765 490 1826 ei
512 1762 681 1840 machinae
703 1784 828 1827 nocere.
866 1773 1004 1849 possunt
1025 1775 1134 1829 autem
1157 1766 1185 1828 si
1207 1787 1287 1851 opus
1303 1765 1403 1830 fuerit
1413 1763 1474 1830 veae
1493 1782 1525 1829 10

331 1864 501 1929 machinae
529 1886 571 1927 ex
592 1883 656 1927 viu
690 1865 769 1927 rotis
803 1886 890 1947 esse,
925 1866 953 1928 si
980 1865 1023 1928 ad
1050 1864 1115 1931 loci
1142 1874 1291 1930 naturam
1319 1868 1366 1931 ita
1393 1890 1473 1953 opus

331 1966 430 2031 fuerit
452 1966 643 2052 temperare.
681 1987 764 2052 quae
785 1975 894 2030 autem
915 1967 1098 2033 testudines
1118 1967 1161 2030 ad
1183 1967 1372 2032 fodiendum
1388 1991 1473 2033 com-

331 2077 502 2154 parantur,
531 2090 652 2151 ορυγες
679 2089 795 2152 graece
824 2068 992 2150 dicuntur,
1023 2078 1131 2133 cetera
1153 2071 1261 2133 omnia
1282 2070 1403 2133 habent
1424 2071 1474 2133 uti

330 2169 608 2256 suprascriptum
631 2177 696 2249 est,
719 2170 842 2233 frontes
865 2191 943 2232 vero
966 2192 1077 2233 earum
1097 2169 1181 2234 fiunt
1203 2169 1473 2257 quemadmodum

329 2269 442 2356 anguli
468 2269 699 2355 trigoniorum,
728 2271 777 2334 uti
799 2291 819 2332 a
840 2292 932 2334 muro
961 2269 1027 2333 tela
1054 2292 1128 2334 cum
1156 2271 1191 2333 in
1213 2292 1267 2334 eas
1290 2272 1471 2353 mittantur,
1493 2288 1523 2335 15

329 2395 395 2437 non
416 2370 521 2458 planis
544 2370 707 2434 frontibus
732 2372 898 2457 excipiant
919 2368 1033 2456 plagas
1056 2370 1115 2434 sed
1131 2371 1173 2434 ab
1189 2370 1345 2434 lateribus
1361 2368 1471 2434 laben-

330 2484 390 2555 tes,
415 2474 485 2536 sine
507 2471 716 2558 periculoque
738 2471 900 2537 fodientes
924 2473 980 2556 qui
1002 2473 1090 2535 intus
1114 2481 1189 2536 sunt
1210 2481 1372 2536 tueantur.

296 2594 311 2640 2
413 2574 487 2637 Non
510 2572 591 2636 mihi
614 2573 711 2636 etiam
733 2572 959 2637 videturesse
980 2571 1122 2636 alienum
1137 2571 1179 2636 de
1194 2572 1359 2637 testudine
1374 2594 1471 2658 quam

329 2675 476 2760 Hegetor
503 2674 684 2761 Byzantius
717 2674 795 2738 fecit
828 2673 944 2758 quibus
979 2674 1159 2739 rationibus
1188 2675 1231 2738 sit
1257 2673 1344 2737 facta
1372 2694 1470 2759 expo·
1508 2761 1511 2765 Δ

328 2799 415 2841 nere.
459 2778 566 2841 fuerat
599 2776 686 2839 enim
720 2777 789 2840 eius
816 2774 932 2845 baseos
961 2774 1132 2862 longitudo
1160 2775 1280 2862 pedum
1302 2794 1365 2860 Lx,
1399 2773 1470 2839 lati·
1488 2792 1522 2842 ao

328 2879 407 2944 tudo
423 2897 499 2943 xm.
521 2878 697 2941 arrectaria
719 2899 801 2963 quac
824 2899 922 2964 supra
939 2879 1196 2964 compactionem
1210 2888 1302 2942 erant
1317 2887 1471 2964 quattuor

329 2979 495 3046 conlocata
518 3001 560 3042 ex
581 2979 669 3042 binis
697 2980 797 3063 tignis
820 2977 950 3042 fuerant
972 2989 1156 3066 compacta,
1184 2982 1219 3043 in
1240 2979 1470 3044 altitudinibus

279 3141 285 3150 .
329 3080 458 3166 singula
489 3080 609 3167 pedum
631 3097 761 3162 xxxvi,
794 3079 1010 3143 crassitudine
1037 3078 1263 3167 palmipedali,
1296 3078 1471 3142 latitudine

329 3182 558 3270 sesquipedali.
602 3181 692 3245 basis
715 3182 785 3245 eius
813 3180 971 3246 habuerat
999 3192 1086 3246 rotas
1115 3201 1180 3245 vul
1208 3180 1327 3267 quibus
1349 3179 1469 3264 ageba-

328 3294 390 3348 tur.
424 3284 531 3348 fuerat
552 3293 661 3348 autem
684 3305 794 3346 earum
815 3283 955 3348 altitudo
976 3283 1097 3370 pedum
1117 3302 1154 3347 vl
1176 3301 1258 3364 s÷,
1286 3281 1469 3345 crassitudo
1486 3300 1519 3348 25

328 3385 448 3471 pedum
470 3404 526 3468 111,
555 3386 601 3450 ita
627 3386 788 3453 fabricata
816 3385 938 3471 triplici
965 3386 1102 3449 materia
1129 3382 1264 3448 alternis
1292 3405 1328 3446 se
1356 3392 1470 3447 contra

332 3580 559 3589 ,ἡ

398 3706 411 3752 1
432 3704 514 3754 fartis
532 3705 611 3769 salga
630 3707 663 3767 Ε,
684 3707 763 3780 fartis
783 3707 847 3772 alga
865 3709 893 3756 H
911 3708 960 3772 (L,
981 3708 1180 3774 faltisalgalc).
1205 3706 1217 3773 Ι)
1238 3711 1254 3758 2
1272 3707 1424 3757 reicientur
1442 3707 1469 3754 H

329 3786 414 3855 (Ltclz
432 3789 577 3838 -ciantur
596 3790 624 3839 G.
649 3785 660 3854 (Ι
684 3792 829 3856 leupraq3
853 3792 911 3841 ΕΗ.
934 3789 946 3858 1)
974 3795 990 3842 9
1012 3792 1146 3842 induratu
1168 3797 1227 3840 ante
1250 3807 1319 3841 corr.
1344 3791 1373 3843 Ε,
1396 3786 1408 3854 (Ι
1436 3792 1469 3838 10

328 3891 379 3924 eae
399 3875 426 3922 H
445 3873 492 3935 (L,
513 3873 564 3923 hae
582 3876 599 3935 l,
618 3874 653 3922 he
672 3873 711 3937 c),
730 3875 764 3941 he
784 3876 812 3924 Ε.
833 3872 846 3940 1)
870 3878 901 3925 11
920 3877 944 3926 si
963 3876 999 3925 ad
1016 3878 1087 3925 loc:
1112 3874 1158 3924 sed
1176 3874 1211 3924 ad
1231 3875 1290 3924 GH.
1313 3871 1326 3938 1)
1350 3875 1380 3920 12
1399 3875 1468 3920 tem·

328 3962 424 4024 perata
443 3963 502 4006 ante
520 3974 589 4010 corr.
610 3958 638 4008 Ε.
663 3953 675 4022 ΙΙ
698 3960 730 4009 13
748 3972 847 4024 oryges
865 3961 905 4010 ed.
919 3960 974 4009 FL:
994 3959 1113 4022 origines
1127 3958 1185 4008 ΕΗ.
1201 3954 1213 4023 ll
1233 3959 1264 4007 15
1276 3955 1468 4021 trigoniorum:

327 4046 364 4093 ric
388 4044 445 4093 GH.
470 4036 482 4108 Ι)
511 4038 718 4109 amuroctaella
736 4050 795 4093 ante
818 4058 886 4093 corr.
911 4043 940 4093 Ε.
965 4039 977 4108 Ι)
999 4043 1027 4091 in
1046 4043 1094 4112 eis¹
1109 4022 1140 4091 le.
1162 4039 1174 4107 (Ι
1199 4042 1229 4091 l'l
1252 4038 1465 4098 tueanturloc.2

327 4126 468 4177 intuentur
489 4127 546 4176 ΕΗ.
566 4123 578 4192 ll
600 4129 632 4176 19
650 4124 938 4190 hector-hyppareum
957 4127 986 4175 H
1004 4124 1119 4191 (G⁶L⁶le‚
1137 4124 1189 4190 hee
1208 4124 1391 4174 torbirantius
1407 4128 1467 4172 ante

327 4228 395 4264 corr.
417 4209 449 4278 L)
470 4212 539 4262 haec
557 4213 739 4262 torbizantius
758 4217 817 4260 ante
840 4225 908 4262 corr.
930 4210 952 4260 Ε
971 4207 1085 4274 (Agetor
1102 4209 1172 4266 Joc,
1191 4209 1317 4274 Hegetor
1334 4207 1409 4257 Scin.
1431 4221 1467 4256 ex

329 4296 409 4360 Alb).
435 4293 446 4363 (Ι
475 4299 508 4346 20
531 4297 631 4346 baseos
656 4296 706 4346 GH
728 4293 800 4359 (mc,
822 4297 870 4345 aed
891 4289 1043 4358 ectheses,
1066 4293 1142 4343 basis
1160 4292 1208 4356 110),
1233 4289 1244 4357 (Ι
1268 4290 1411 4356 longitudo
1431 4291 1466 4340 6:

328 4380 424 4430 -rrne
437 4381 466 4429 rr
479 4378 559 4443 (m).
575 4377 587 4446 [ι
604 4380 652 4429 nx
738 4379 817 4429 xm:
836 4358 1054 4441 siccamina
1113 4412 1119 4426 .
1133 4375 1259 4427 mnes
1272 4375 1332 4427 Ait.
1346 4368 1464 4440 1111).)

328 4467 361 4514 23
379 4464 490 4531 singula
509 4465 579 4517 Mar,
600 4464 689 4528 (rec.):
709 4463 817 4529 singulo
835 4464 867 4512 H
882 4462 961 4528 (Lle),
980 4462 1149 4528 singulorum
1168 4461 1198 4514 G.
1222 4456 1234 4527 Ι)
1257 4458 1348 4524 palmo
1370 4457 1466 4521 pedali

330 4565 388 4616 ΕΗ.
401 4561 413 4630 ll
425 4567 458 4614 24
471 4581 520 4615 sex
533 4566 578 4629 qui
590 4565 684 4630 pedali
696 4573 755 4615 ante
768 4581 835 4617 corr.
852 4564 881 4615 Ε.
894 4560 906 4632 Ι)
918 4565 951 4615 25
964 4565 1019 4618 .VI.
1034 4563 1080 4613 S:-
1091 4563 1120 4611 Η
1133 4560 1212 4626 (nu),
1226 4541 1389 4612 ‚V1.S.‘>'·³
1407 4555 1465 4623 12))

327 4651 360 4698 26
379 4649 482 4712 triplici
501 4646 558 4712 (sie)
574 4649 625 4699 ΕΗ
636 4648 707 4713 (-ci
721 4648 789 4713 Llc).
805 4644 818 4716 (Ι
835 4649 987 4700 fabricata:
1007 4650 1046 4700 sic
1065 4648 1124 4698 GH.
1145 4642 1158 4714 (Ι
1181 4662 1211 4698 se
1230 4648 1327 4699 contra
1343 4645 1373 4695 H
1385 4642 1464 4707 (hle),

327 4733 353 4781 si
371 4734 469 4792 contra
488 4733 509 4782 Ε
528 4732 584 4795 (sed
603 4732 637 4782 00
654 4731 684 4782 se
696 4733 812 4796 eontra).
