3784 5625
385 682 427 746 50
810 716 811 719 =
867 692 1034 741 ‘v1rauv11

382 849 495 914 tudine
517 849 621 931 facta,
644 849 679 911 in
702 869 765 933 qua
786 846 895 910 media
916 843 1118 911 Mausoleum
1140 845 1186 908 ita
1209 843 1349 929 egregiis
1373 840 1530 929 operibus

383 962 432 1016 est
458 952 582 1014 factum
608 960 644 1013 ut
671 951 707 1012 in
734 959 858 1036 septem
886 945 1080 1034 spectaculis
1107 946 1301 1010 nominetur.
1345 947 1380 1008 in
1402 967 1531 1009 summa

381 1074 455 1116 aree
482 1052 592 1114 media
613 1049 731 1122 Martis
759 1050 871 1114 fanum
899 1049 1023 1112 habens
1052 1056 1192 1112 statuam
1220 1034 1420 1111 colossicam'
1437 1069 1529 1111 acro—

381 1153 485 1218 lithon
506 1151 612 1217 nobili
638 1173 736 1216 manu
757 1150 932 1215 Leocharis
963 1149 1093 1213 factam.
1137 1148 1221 1212 hanc
1248 1159 1357 1213 autem
1385 1158 1530 1213 statuam

348 1255 437 1321 talii
465 1253 642 1319 Leocharis
670 1253 728 1317 alii
760 1252 926 1316 Timothei
959 1260 1075 1338 putant
1103 1272 1184 1315 esse.
1227 1251 1261 1313 in
1291 1272 1390 1315 comu
1419 1261 1530 1315 autem

381 1379 506 1422 summo
534 1355 651 1420 dextro
673 1354 811 1419 Veneris
835 1364 866 1417 et
888 1352 1044 1417 Mercurii
1071 1353 1183 1416 fanum
1209 1351 1253 1415 ad
1274 1353 1381 1439 ipsum
1404 1352 1529 1418 Salma-

382 1456 464 1521 cidis
488 1457 621 1523 fontem.
671 1457 699 1519 is
721 1465 832 1521 autem
854 1454 937 1518 falsa
952 1456 1104 1541 opinione
1118 1463 1252 1541 putatur
1267 1455 1399 1518 venerio
1414 1454 1530 1520 morbo
1549 1468 1581 1515 11

381 1558 538 1645 inplicare
561 1580 615 1624 eos
639 1559 758 1644 quiex
781 1579 818 1621 eo
840 1555 995 1620 biberint.
1040 1555 1099 1619 sed
1121 1555 1201 1619 haec
1223 1556 1333 1642 opinio
1356 1578 1457 1642 quare
1471 1577 1532 1643 per
1564 1572 1566 1575 ⁴

381 1660 492 1724 orbem
525 1669 631 1723 terrae
665 1658 748 1722 falso
782 1679 910 1723 rumore
931 1659 983 1722 'sit
1008 1667 1188 1744 pervagata
1220 1679 1285 1722 non
1318 1657 1445 1745 pigebit
1475 1680 1530 1722 ex-

333 1782 364 1828 10
381 1783 512 1847 ponere.
555 1784 621 1826 non
649 1761 735 1824 enirn
764 1759 852 1846 quod
879 1758 1000 1824 dicitur
1026 1757 1139 1823 molles
1167 1769 1199 1824 et
1225 1759 1398 1847 inpudicos
1427 1782 1471 1823 ex
1493 1782 1532 1823 ea

381 1885 467 1949 aqua
488 1862 575 1944 fieri,
604 1861 639 1925 id
662 1871 769 1948 potest
792 1884 878 1944 esse,
907 1859 966 1924 sed
996 1870 1045 1925 est
1073 1863 1142 1926 eius
1164 1860 1265 1926 fontis
1288 1870 1433 1948 potestas
1456 1884 1529 1948 per-

381 1962 491 2027 lucida
518 1969 677 2050 saporque
706 1964 867 2047 egregius.
917 1985 991 2026 cum
1018 1972 1126 2028 autem
1154 1962 1258 2027 Melas
1286 1972 1319 2027 et
1344 1963 1529 2027 Areuanias

382 2066 425 2127 ab
445 2066 546 2149 Argis
570 2075 602 2128 et
624 2064 791 2129 Troezene
819 2063 977 2130 coloniam
1006 2086 1206 2130 communem
1236 2087 1274 2128 eo
1296 2064 1359 2128 loci
1382 2065 1529 2130 deduxe-

381 2176 468 2249 runt,
492 2166 648 2261 hapharos
665 2165 764 2230 Caras
781 2176 813 2230 et
828 2164 967 2251 Lelegas
989 2168 1163 2232 eiecerunt.
1208 2166 1242 2231 hi
1256 2176 1365 2231 autem
1379 2167 1529 2232 admon-

333 2287 364 2336 11
381 2277 431 2332 tes
454 2267 560 2352 fugati
582 2269 667 2332 inter
690 2288 725 2333 se
747 2277 984 2356 congregantes
1001 2268 1229 2333 discurrebant
1247 2277 1280 2332 et
1293 2268 1341 2332 ihi
1356 2267 1531 2334 latrocinia

381 2368 539 2433 facientes
567 2368 742 2433 crudeliter
770 2391 824 2434 eos
852 2370 1037 2434 vastabant.
1081 2380 1195 2457 postea
1224 2370 1265 2434 de
1291 2368 1416 2435 colonis
1443 2393 1529 2435 unus

380 2470 424 2534 ad
446 2492 520 2535 eum
540 2470 664 2535 fontem
691 2481 823 2557 propter
850 2471 1030 2537 bonitatem
1059 2493 1162 2557 aquae
1185 2481 1338 2557 quaestus
1361 2493 1460 2535 causa
1481 2482 1529 2535 ta-

381 2574 514 2636 bernam
536 2572 686 2638 omnibus
708 2574 811 2661 copiis
834 2575 993 2638 instruxit
1015 2594 1149 2659 eamque
1172 2573 1353 2638 exercendo
1376 2594 1431 2637 eos
1453 2573 1528 2637 bar-

381 2671 478 2739 baros
506 2672 690 2739 allectabat.
740 2676 787 2738 ita
814 2674 1009 2761 singillatim
1041 2676 1250 2741 decurrentes
1286 2685 1318 2739 et
1345 2675 1388 2738 ad
1416 2686 1529 2740 coetus

330 2778 611 2844 inconvenientes
635 2798 652 2840 e
675 2775 755 2840 duro
783 2776 917 2864 feroque
944 2799 1034 2843 more
1056 2778 1244 2843 commutati
1271 2776 1306 2841 in
1329 2776 1529 2842 Graecorum

382 2878 650 2943 consuetudinem
687 2887 719 2942 et
755 2880 951 2944 suavitatem
983 2903 1042 2944 sua
1074 2879 1243 2946 voluntate
1276 2879 1526 2963 reducebantur.

382 3003 460 3065 ergo
482 3002 521 3044 ea
541 3002 626 3067 aqua
647 3001 714 3044 non
727 2981 875 3066 inpudici
896 2981 1002 3046 morbi
1017 2982 1101 3046 vitio
1116 2981 1175 3046 sed
1189 2981 1402 3046 humanitatis
1418 2980 1527 3045 dulce-

383 3081 458 3145 dine
480 3081 614 3146 mollitis
637 3082 754 3146 animis
777 3082 988 3147 barbarorum
1012 3105 1083 3146 eam
1105 3082 1226 3146 famam
1247 3092 1298 3148 est
1319 3083 1450 3168 adepta.

465 3182 674 3269 Relinquitur
700 3206 787 3248 nunc
820 3186 972 3271 quoniam
1008 3184 1052 3248 ad
1080 3174 1331 3272 explicationem
1363 3186 1527 3249 moenium
1545 3199 1573 3247 13

331 3305 364 3355 25
382 3306 492 3348 eorum
514 3307 586 3349 sum
607 3286 757 3351 invectus
764 3335 773 3368 ‚
796 3297 833 3350 ut
854 3296 923 3350 tota
944 3287 994 3350 uti
1015 3297 1091 3351 sunt
1113 3286 1277 3350 deliniam.
1321 3286 1527 3373 quemadmo-

382 3385 460 3448 dum
483 3387 625 3449 enimin
649 3386 766 3449 dextra
788 3397 880 3473 parte
907 3387 1020 3451 fanum
1042 3398 1093 3453 est
1114 3389 1253 3453 Veneris
1277 3399 1309 3453 et
1331 3388 1405 3452 fons
1429 3410 1528 3474 supra

384 3486 542 3571 scriptus,
565 3489 612 3550 ita
633 3489 668 3549 in
690 3489 822 3553 sinistro
845 3511 945 3553 cornu
966 3492 1057 3574 regia
1080 3490 1211 3574 domus,
1235 3513 1331 3577 quam
1353 3512 1413 3553 rex
1434 3490 1536 3554 Mau-⁴

383 3585 470 3650 solus
492 3586 535 3650 ad
556 3609 648 3652 suam
670 3591 829 3654 rationem
857 3591 1050 3656 conlocarit.
1094 3594 1293 3679 conspicitur
1315 3594 1402 3656 enim
1425 3614 1467 3656 ex
1490 3613 1527 3653 ea

451 3814 466 3861 3
486 3810 646 3863 colossicam
665 3813 755 3863 Selia:
776 3813 879 3865 colossi
897 3831 978 3879 quam
996 3816 1026 3864 H
1036 3813 1078 3879 (1,
1098 3815 1200 3867 colossi
1219 3819 1269 3881 que
1287 3820 1303 3877 1,
1322 3816 1456 3883 coloephi.
1476 3816 1523 3882 ile,

382 3894 587 3962 coloephi.que
608 3897 647 3961 t),
672 3897 759 3948 colcsi
775 3901 829 3963 qua
848 3900 877 3950 G.
905 3897 917 3965 ΙΙ
945 3899 1102 3950 acrolithon
1126 3902 1185 3951 GH.
1213 3897 1225 3967 ss
1252 3902 1437 3952 4Leocharis
1454 3903 1524 3953 Rode

382 3977 487 4046 (Pan.):
505 3981 562 4030 telo
582 3981 665 4031 claris
677 3989 737 4032 ante
749 3991 819 4036 corr.
833 3983 861 4047 G,
876 3983 1026 4033 telocharis
1039 3985 1068 4032 H
1081 3983 1196 4049 (echte).
1218 3983 1230 4052 ll
1253 3990 1269 4036 5
1281 3987 1354 4038 teleo
1368 3986 1454 4038 claris
1466 3993 1524 4037 ante

381 4080 450 4118 corr.
476 4065 504 4124 G,
528 4065 699 4116 teleocharis
716 4067 746 4117 H
770 4064 886 4131 (ochra).
911 4063 923 4132 ΙΙ
952 4068 1103 4118 6mercuri
1125 4071 1162 4118 H.
1186 4065 1198 4134 Η
1226 4071 1241 4119 t
1263 4072 1376 4121 venerio
1395 4075 1424 4122 H
1443 4071 1547 4136 (110);ι

380 4166 482 4200 venero
503 4151 531 4202 G.
556 4147 568 4217 ΙΙ
599 4151 756 4202 ebiberint
777 4152 809 4200 H
825 4149 909 4216 (Llc):
938 4152 1069 4203 biberunt
1089 4154 1118 4207 G.
1146 4151 1160 4220 Η
1192 4153 1300 4204 9falso
1323 4172 1431 4207 rumore
1453 4158 1521 4209 doe:

382 4233 514 4299 falsorum
533 4251 579 4284 ore
600 4236 651 4285 GH
674 4234 792 4298 (falsoris
811 4251 857 4285 ore
876 4234 944 4299 Lle).
969 4233 981 4301 ΙΙ
1010 4240 1041 4287 11
1064 4238 1211 4288 areuanias
1234 4239 1413 4307 (arctuanias
1433 4240 1465 4304 G)
1488 4242 1524 4290 sic

383 4318 441 4370 GH.
464 4314 476 4384 ll
506 4322 537 4370 13
556 4320 696 4387 Troezene
718 4320 789 4370 Joa:
822 4324 933 4370 troezen
958 4321 1016 4372 GH.
1045 4319 1056 4387 ΙΙ
1085 4324 1117 4371 14
1140 4323 1281 4373 eiecerunt
1307 4326 1368 4376 Llc:
1401 4327 1525 4376 eicerent

382 4402 440 4456 GH.
463 4399 475 4469 ΙΙ
500 4403 531 4453 15
543 4399 754 4468 congregantes:
773 4406 811 4454 sie
825 4405 883 4459 GH.
907 4400 919 4469 ΙΙ
943 4407 975 4454 16
993 4405 1026 4454 de
1040 4406 1158 4457 colonis:
1178 4408 1291 4459 decenis
1309 4405 1521 4474 0110100161
1599 4450 1603 4469 .

380 4488 413 4536 10
436 4487 496 4543 fero
514 4489 551 4535 le:
576 4487 647 4536 ferro
668 4488 720 4536 GH
737 4486 794 4553 (L).
818 4485 830 4555 l}
853 4491 885 4538 11
903 4490 996 4540 morbo
1018 4498 1078 4540 ante
1100 4507 1170 4542 corr.
1195 4494 1224 4541 H
1249 4492 1285 4557 (et
1302 4510 1317 4543 c
1334 4501 1395 4544 ante
1412 4512 1442 4546 eo
1486 4489 1520 4558 ,ΙΙ

380 4573 413 4620 13
431 4571 542 4620 animis:
562 4572 643 4621 annis
661 4580 720 4622 ante
738 4589 806 4622 corr.
828 4574 857 4623 6.
881 4570 893 4639 ΙΙ
916 4577 949 4623 14
968 4574 1157 4639 explicationi
1181 4585 1241 4628 ante
1259 4595 1328 4630 corr.
1348 4578 1458 4645 (-ne)·
1487 4575 1520 4643 ,ΙΙ

379 4656 413 4702 15
431 4655 558 4704 invectus
576 4660 607 4703 ut
624 4658 683 4704 tota
702 4657 787 4708 Man:
810 4657 937 4707 invectus
960 4663 1020 4708 tota
1042 4667 1101 4709 ante
1119 4677 1188 4715 corr.
1215 4664 1249 4721 G,
1272 4663 1402 4714 invectus
1419 4664 1478 4745 topi
1494 4661 1524 4712 H

379 4737 496 4802 (GssLlc).
519 4736 532 4805 ΙΙ
555 4741 587 4789 11
606 4739 746 4789 mausolus
765 4741 798 4790 G:
818 4756 900 4790 manu
918 4741 994 4792 solus
1012 4743 1041 4791 H
1060 4743 1140 4806 (hle).
