3784 5625
373 644 417 708 56
615 643 620 648 ’
863 653 1022 700 virauvn

376 810 506 875 easdem
522 809 642 874 habent
656 808 742 872 inter
764 829 799 873 sc
820 814 937 870 natura
958 828 1066 869 rerum
1088 803 1284 885 similitates‚
1308 804 1367 868 sed
1391 805 1522 890 singula

376 935 495 999 genera
520 911 754 999 principiorum
782 906 1038 996 proprietatibus
1066 915 1252 992 comparata
1280 904 1362 970 alios
1383 905 1442 970 alii
1464 930 1520 991 ge-

377 1016 463 1079 neris
486 1022 652 1100 praestant
672 1014 707 1075 in
730 1010 883 1097 operibus
907 1009 1051 1073 effectus.
1102 1018 1134 1072 et
1160 1009 1300 1094 primum
1322 1007 1414 1071 abies
1436 1011 1556 1073 aerise

377 1115 500 1180 habens
516 1114 691 1202 plurimum
714 1122 746 1177 et
767 1114 854 1197 ignis
877 1113 1112 1196 minimumque
1133 1110 1256 1173 umoris
1280 1118 1311 1172 et
1332 1112 1454 1174 terreni
1476 1109 1522 1174 le·

343 1217 525 1283 trieribus
547 1238 655 1280 rerum
678 1224 813 1279 naturae
835 1212 1052 1300 potestatibus
1076 1221 1262 1297 comparata
1283 1233 1349 1275 non
1372 1221 1421 1275 est
1443 1235 1523 1298 pon-

378 1318 504 1382 derosa.
548 1319 659 1403 itaque
680 1319 790 1402 rigore
812 1314 953 1379 naturali
976 1322 1127 1378 contenta
1149 1335 1215 1377 non
1238 1314 1302 1377 cito
1324 1310 1468 1377 flectitur
1481 1312 1524 1377 ab

378 1441 489 1497 onere,
520 1418 578 1483 sed
607 1419 732 1483 directa
753 1426 919 1504 permanet
941 1418 976 1479 in
999 1416 1252 1499 contignatione.
1297 1415 1354 1478 sed
1377 1435 1415 1476 θα
1437 1415 1525 1500 quod

378 1520 478 1584 habet
510 1520 544 1582 in
573 1541 607 1583 se
634 1519 706 1607 plus
736 1519 869 1601 caloris,
904 1526 1052 1605 procreat
1081 1526 1113 1579 et
1134 1515 1193 1579 alit
1216 1516 1335 1579 cariem
1357 1516 1399 1579 ab
1423 1538 1524 1602 eaque

380 1622 527 1702 vitiatur,
552 1623 712 1707 etiamque
733 1621 807 1685 ideo
830 1619 982 1684 celeriter
1008 1616 1197 1682 accenditur
1225 1618 1312 1703 quod
1335 1640 1417 1704 quae
1439 1620 1526 1683 inest

331 1742 362 1788 10
380 1724 415 1786 in
444 1743 480 1786 eo
509 1744 642 1809 corpore
669 1724 753 1787 aeris
783 1723 917 1803 raritas,
947 1743 993 1785 ea·
1006 1729 1043 1783 ut
1065 1728 1115 1784 est
1137 1728 1251 1805 patens
1272 1721 1394 1806 accipit
1415 1722 1525 1805 ignem

382 1832 414 1887 et
436 1824 482 1886 ita
504 1823 730 1887 vehementem
753 1846 795 1889 ex
817 1846 852 1889 se
873 1824 976 1888 mittit
997 1821 1169 1886 flammam.
1214 1843 1256 1885 ex
1279 1843 1317 1885 θα
1338 1831 1447 1887 autern
1469 1844 1525 1885 an·
1543 1836 1557 1884 7

380 1935 512 2012 tequam
540 1935 589 1989 est
612 1928 723 1990 excisa
745 1947 828 2012 quae
850 1948 923 2011 pars
948 1933 997 1988 est
1019 1925 1169 2011 proxima
1191 1932 1296 1987 terrae
1319 1946 1376 2010 per
1397 1923 1525 1988 radices

382 2028 542 2115 recipiens
566 2049 606 2090 ex
628 2028 840 2113 proximitate
861 2048 1006 2091 umorem
1035 2025 1148 2089 enodis
1172 2033 1203 2089 et
1225 2024 1352 2110 liquida
1374 2025 1525 2090 efficitur.

384 2150 566 2213 quaerero
590 2138 638 2192 est
661 2130 828 2215 superior,
861 2128 1068 2192 vehementia
1096 2126 1213 2190 caloris
1241 2125 1366 2191 eductis
1395 2129 1431 2192 in
1451 2149 1527 2191 aera

334 2246 365 2295 15
383 2252 441 2317 per
462 2229 565 2295 nodos
587 2233 703 2314 ramis,
734 2233 882 2317 praecisa
910 2228 976 2293 alte
1005 2230 1135 2293 circiter
1162 2227 1263 2315 pedes
1286 2247 1335 2292 xx
1358 2239 1390 2294 et
1411 2228 1526 2315 perdo-

383 2330 450 2396 lata
472 2341 605 2419 propter
631 2332 816 2398 nodationis
847 2333 1000 2396 duritiem
1023 2332 1145 2396 dicitur
1169 2352 1239 2395 esse
1261 2331 1418 2395 fusterna.
1463 2332 1527 2394 ima

382 2443 492 2497 autem
520 2455 592 2497 cum
621 2436 731 2499 excisa
759 2433 986 2522 quadrifluviis
1014 2433 1199 2519 disparatur
1228 2433 1330 2497 eiecto
1358 2432 1464 2498 torulo
1486 2454 1528 2496 ex

384 2534 497 2599 eadem
512 2535 627 2602 arbore
649 2535 691 2600 ad
714 2538 869 2602 intestina
892 2557 989 2623 opera
1012 2543 1217 2621 comparatur
1240 2543 1272 2598 et
1294 2536 1450 2620 sappinea
1472 2557 1527 2599 vo·

385 2646 486 2700 catur.
517 2646 628 2700 contra
643 2659 720 2703 vero
744 2658 881 2723 quercus
904 2638 1042 2701 terrenis
1065 2636 1300 2722 principiorum
1323 2636 1560 2703 satietatibus8

335 2755 368 2803 20
386 2728 557 2801 abundans
573 2759 752 2825 parumque
767 2737 892 2801 habens
915 2738 1037 2803 umoris
1061 2747 1093 2802 θα
1114 2739 1199 2800 aeris
1223 2748 1255 2801 et
1277 2738 1375 2823 ignis,
1400 2760 1473 2802 cum
1496 2741 1529 2803 in

386 2839 524 2913 terrenis
547 2839 699 2926 operibus
723 2841 881 2922 obruitur,
904 2839 1065 2905 infinitam
1087 2839 1186 2904 habet
1207 2842 1444 2904 aeternitatem.
1478 2842 1530 2904 veu

343 2953 348 2961 '
388 2962 424 3004 eo
461 2962 534 3004 cum
570 2943 717 3025 tangitur
751 2963 863 3005 umore
896 2963 961 3005 non
992 2942 1115 3006 habens
1152 2942 1348 3006 foraminum
1380 2945 1528 3007 raritates

386 3052 521 3132 propter
548 3043 749 3129 spissitatem
775 3066 840 3107 non
867 3052 975 3130 potest
997 3044 1032 3106 in
1055 3065 1170 3130 corpus
1192 3045 1339 3129 recipere
1361 3043 1528 3130 liquorem,

387 3142 446 3208 sed
462 3143 591 3229 fugiens
607 3143 649 3208 ab
664 3167 776 3210 umore
790 3147 916 3210 resistit
932 3154 964 3209 et
986 3154 1155 3231 torquetur
1178 3154 1210 3209 et
1232 3144 1338 3209 elficit·
1355 3149 1391 3210 in
1412 3145 1529 3232 quibus

337 3261 369 3309 αα
387 3255 436 3311 est
470 3246 621 3333 operibus
656 3268 694 3310 ea
726 3249 857 3312 rimosa.
906 3246 1054 3312 aesculus
1084 3268 1162 3310 vero
1190 3246 1277 3332 quod
1304 3257 1354 3311 est
1380 3247 1561 3311 omnibuso

388 3348 559 3434 principiis
593 3358 793 3433 temperata,
823 3348 920 3412 habet
948 3351 983 3413 in
1011 3347 1169 3412 aedificiis
1197 3371 1332 3433 magnas
1360 3347 1529 3432 utilitates,

389 3447 447 3511 sed
470 3469 524 3529 ea,
554 3469 626 3512 cum
648 3451 683 3511 in
704 3471 815 3514 umore
838 3450 1038 3532 conlocatur,
1067 3450 1228 3536 recipiens
1251 3451 1381 3536 penitus
1404 3473 1462 3537 per
1483 3453 1529 3515 fo-

388 3549 513 3612 ramina
538 3546 696 3634 liquorem
723 3552 824 3616 eiecto
852 3574 926 3615 aere
954 3562 986 3617 et
1013 3553 1083 3636 igni
1110 3553 1296 3638 operatione
1323 3550 1454 3616 umidae
1476 3575 1530 3640 po·

389 3649 516 3714 testatis
546 3651 692 3716 vitiatur.
737 3673 844 3718 cerrus
874 3663 906 3718 et
934 3654 1028 3738 fagus
1052 3653 1138 3738 quod
1161 3653 1282 3739 pariter
1304 3653 1426 3718 habent
1448 3655 1529 3718 mix-

458 3945 472 3991 1
491 3946 591 3993 natura
611 3943 632 3992 G
649 3949 674 3993 et
691 3949 750 3993 ante
768 3960 837 3996 corr.
856 3945 897 3996 H:
917 3948 1024 3994 naturae
1043 3946 1085 3994 H⁶
1103 3941 1186 4007 (-rae
1204 3944 1263 3993 item
1280 3947 1321 4005 αἱ,
1339 3961 1403 3996 —re
1422 3962 1449 4005 c,
1469 3963 1532 4013 -αα

390 4027 425 4088 α).
446 4023 458 4094 l}
482 4028 498 4077 5
515 4031 647 4078 naturae:
665 4029 703 4078 sic
722 4027 796 4093 (-re
816 4029 848 4090 G)
868 4029 926 4080 GH.
949 4024 962 4092 ll
985 4028 1138 4092 ponderosa
1158 4030 1190 4079 G:
1209 4029 1364 4094 ponderata
1382 4032 1411 4079 H
1430 4028 1530 4096 (Llc).ll

390 4113 405 4160 7
424 4110 572 4161 derectas?
590 4118 615 4161 et
632 4119 691 4162 ante
704 4128 771 4163 corr.
790 4114 819 4161 H
837 4109 957 4175 (directa
974 4113 1084 4177 lietzo).
1103 4111 1115 4179 l}
1134 4117 1150 4164 8
1164 4114 1267 4162 cariem
1280 4117 1320 4164 ed.
1334 4115 1373 4164 Fl.
1393 4112 1439 4178 (cf.
1449 4132 1478 4179 p.
1491 4119 1532 4170 58,

391 4193 447 4260 1⁶):
466 4197 543 4260 paris
561 4202 619 4246 ante
637 4213 706 4247 corr.
724 4198 754 4261 G,
773 4201 881 4262 partem
893 4197 924 4244 H
935 4195 1023 4262 (parte
1036 4197 1140 4261 Mle).
1162 4194 1174 4263 ΙΙ
1198 4199 1230 4247 10
1248 4200 1379 4249 raritates
1392 4207 1451 4250 ante
1464 4215 1532 4251 corr.

393 4278 422 4329 G.
443 4275 455 4344 ll
478 4280 559 4328 etut
577 4278 671 4344 (Mar.)
693 4285 813 4346 estepo:
843 4285 870 4331 θα
893 4283 906 4329 ἔ
926 4281 954 4337 G,
974 4279 996 4330 dt
1014 4283 1107 4331 estH
1123 4280 1181 4346 (Lo,
1201 4267 1219 4332 θ’
1234 4287 1277 4332 est
1294 4284 1323 4348 l).
1352 4279 1364 4348 ll
1394 4286 1425 4334 13
1444 4284 1532 4350 proxi·

390 4361 504 4414 mistate
516 4369 576 4414 ante
588 4381 656 4416 corr.
669 4365 699 4416 6.
715 4361 727 4431 ll
745 4367 776 4415 16
789 4364 918 4415 duritiem
930 4366 960 4414 H
973 4362 1054 4429 (-t1e
1066 4367 1123 4428 Lm,
1143 4367 1263 4417 duritra‘e
1275 4365 1314 4433 0)=
1333 4368 1461 4418 duritiam
1475 4369 1504 4421 G.
1519 4366 1531 4433 [l

390 4447 529 4498 fusterna:
547 4451 586 4499 sie
606 4448 664 4501 GH.
687 4445 699 4514 ll
724 4452 755 4499 18
774 4453 801 4498 θα
819 4449 955 4514 sappinea
971 4451 1041 4502 doc-z
1061 4447 1137 4516 &let
1150 4451 1182 4515 (ἰ)
1200 4452 1297 4503 intima
1315 4455 1460 4503 fusternea
1479 4452 1533 4515 (lu-

393 4535 487 4582 sterna
509 4540 568 4583 ante
594 4534 643 4597 ips.
662 4549 730 4586 corr.
754 4541 778 4584 et
797 4549 895 4584 erasum
914 4537 1024 4586 euoluit
1044 4536 1125 4586 Gabi
1140 4539 1178 4587 sic
1196 4537 1374 4602 fusternssgea)
1390 4540 1533 4603 sappinea

393 4615 536 4680 (saprinea
562 4616 594 4675 G,
612 4618 661 4667 ted
681 4618 707 4667 in
724 4633 803 4683 marg.
829 4619 862 4668 6⁶
884 4619 945 4669 iar
966 4622 1110 4685 sappinea,
1128 4622 1242 4686 sapinea
1259 4620 1278 4686 l)
1299 4622 1358 4674 GH.
1381 4617 1393 4687 ΙΙ
1421 4624 1453 4672 29
1478 4637 1533 4671 cer·

393 4713 439 4748 rus
458 4702 485 4749 et
506 4700 588 4765 fagus
612 4697 716 4764 (cerrus
739 4716 848 4767 quoque
875 4707 904 4754 θα
926 4705 1007 4770 fagus
1029 4706 1100 4757 Mar.
1123 4706 1159 4768 cf.
1180 4706 1246 4756 Pan.
1266 4708 1311 4769 16,
1333 4704 1410 4771 218):
1441 4720 1534 4756 cerrus
