3784 5625
382 664 446 726 222
872 678 1029 725 vrruuvu

383 833 571 895 tricensimo
585 830 692 893 fuerat
707 853 791 894 anno
807 831 840 893 in
856 830 891 893 id
906 831 1102 912 restituitur,
1116 852 1158 893 ex
1174 852 1276 916 eoque
1291 852 1355 916 quo
1366 832 1475 893 minus
1485 830 1526 892 ab

383 942 527 996 extremo
558 930 659 994 distat
686 931 823 1012 mundo,
856 941 947 995 tanto
975 933 1131 995 maiorem
1164 932 1411 995 circinationem
1439 940 1526 995 rotae

383 1031 601 1120 percurrendo
621 1034 747 1097 tardior
767 1033 900 1097 videtur
922 1054 1002 1096 esse.
1052 1034 1083 1096 ei
1110 1042 1220 1096 autem
1241 1034 1297 1118 qui
1328 1055 1428 1120 supra
1450 1032 1526 1097 solis
1545 1048 1569 1093 11

382 1139 445 1199 iter
467 1136 696 1199 circinationes
720 1146 897 1222 peragunt,
924 1136 1069 1197 maxime
1092 1156 1165 1198 curn
1187 1137 1223 1199 in
1248 1137 1380 1219 trigono
1407 1132 1526 1197 fuerint

349 1238 471 1323 equod
493 1238 521 1300 is
543 1238 670 1317 inierit,
694 1245 764 1299 tum
778 1258 845 1299 non
865 1227 1120 1323 progrediuntu'r
1134 1235 1193 1297 sed
1214 1256 1383 1320 regressus
1406 1234 1525 1298 facien·

382 1348 431 1402 tcs
454 1348 636 1421 morantur,
661 1339 809 1423 doneque
832 1337 1015 1401 cumidem
1038 1336 1087 1401 sol
1109 1338 1150 1401 de
1173 1360 1209 1401 eo
1231 1338 1361 1422 trigono
1383 1338 1418 1398 in
1440 1335 1527 1400 aliud

382 1441 511 1524 signum
543 1441 771 1503 transitionem
804 1439 927 1502 feeerit.
978 1439 1014 1502 id
1047 1449 1156 1503 autem
1184 1436 1349 1503 nonnullis
1378 1439 1426 1501 sic
1460 1436 1528 1500 fieri

382 1540 490 1627 placet
506 1540 592 1626 quod
614 1542 706 1604 aiunt
721 1540 833 1624 solem,
857 1563 929 1603 cum
945 1539 1075 1625 longius
1091 1541 1180 1605 absit
1196 1541 1361 1605 abstantia
1376 1538 1526 1625 quadam,

382 1665 448 1706 non
475 1641 594 1706 lucidis
624 1642 796 1707 itineribus
826 1644 969 1706 errantia
996 1665 1054 1729 per
1083 1665 1154 1705 eam
1182 1642 1290 1705 sidera
1318 1642 1527 1706 obscuritatis

334 1759 364 1806 10
383 1743 616 1808 morationibus
649 1744 808 1831 inpedire.
862 1744 957 1807 nobis
986 1766 1065 1808 vero
1098 1744 1133 1808 id
1166 1767 1232 1808 non
1259 1744 1402 1807 videtur.
1451 1742 1527 1807 solis

384 1847 470 1907 enim
493 1843 646 1932 splendor
669 1844 886 1932 perspicibilis
911 1856 942 1909 et
964 1855 1080 1933 patens
1102 1847 1174 1909 sinc
1195 1844 1270 1909 ullis
1292 1831 1527 1909 obscurationi-

382 1946 444 2010 bus
468 1958 517 2011 est
539 1969 597 2033 per
619 1968 746 2011 omnem
768 1947 942 2029 mundum,
966 1957 1003 2012 ut
1025 1948 1123 2011 etiam
1145 1947 1239 2011 nobis
1254 1955 1435 2034 appareant
1457 1967 1527 2009 011111

382 2048 504 2111 faciant
526 2070 583 2111 eae
610 2046 724 2112 stellae
752 2070 920 2133 regressus
950 2058 982 2112 et
1008 2051 1215 2113 morationes.
1265 2071 1342 2133 ergo
1372 2048 1400 2111 si
1428 2047 1527 2110 tantis
1545 2063 1571 2110 12

382 2149 566 2213 intervallis
594 2159 705 2213 nostra
728 2151 853 2236 species
881 2160 989 2236 potest
1011 2150 1046 2213 id
1067 2150 1345 2231 animadvertere,
1374 2147 1455 2235 quid
1482 2148 1528 2211 ita

333 2267 364 2315 15
383 2251 613 2315 divinitatibus
630 2250 924 2338 splendoribusque
939 2262 1100 2317 astrorum
1115 2252 1296 2316 iudicamus
1312 2251 1528 2314 obscuritates

383 2353 468 2418 obici
490 2352 610 2440 posse?
656 2375 733 2437 crgo
755 2350 863 2439 potius
887 2376 925 2417 ea
946 2356 1029 2417 ratio
1051 2354 1146 2418 nobis
1169 2353 1331 2417 constabit
1355 2352 1445 2438 quod
1467 2349 1527 2413 fer-

382 2477 441 2519 vor
464 2454 736 2540 quemadmodum
752 2477 861 2518 omnes
877 2478 928 2519 res
945 2465 1061 2520 evocat
1077 2466 1110 2519 et
1131 2455 1174 2518 ad
1196 2477 1231 2519 se
1247 2454 1348 2535 ducit,
1371 2462 1408 2517 ut
1431 2453 1528 2515 etiarn

381 2556 507 2619 fruetus
524 2579 541 2619 e
562 2565 650 2620 terra
665 2566 836 2641 surgentes
858 2558 893 2620 in
907 2556 1114 2621 altitudinem
1137 2580 1196 2644 per
1210 2555 1350 2620 calorem
1366 2554 1526 2635 videmus,

381 2680 447 2721 non
468 2659 579 2721 minus'
597 2680 701 2745 aquae
722 2681 861 2746 vapores
885 2682 904 2722 a
926 2659 1071 2724 sontibus
1094 2659 1137 2722 ad
1160 2658 1261 2723 nubes
1284 2680 1343 2744 per
1358 2666 1449 2720 ortus
1472 2677 1527 2718 ex·

331 2776 364 2824 20
383 2760 492 2841 citari,
517 2759 630 2823 eadem
652 2761 778 2825 ratione
800 2759 878 2825 solis
907 2762 1048 2847 impetus
1071 2760 1245 2826 vehemens
1275 2758 1378 2824 radiis
1405 2756 1528 2842 trigoni

381 2860 486 2925 forma
515 2863 674 2947 porrectis
701 2863 910 2949 insequentes
939 2862 1051 2928 stellas
1079 2864 1122 2927 ad
1149 2885 1185 2926 se
1215 2863 1366 2949 perducit
1393 2870 1426 2924 et
1453 2869 1527 2922 ante

382 2972 548 3026 currentes
564 2961 667 3027 veluti
682 2963 877 3030 refrenando
892 2965 1128 3052 retinendoque
1143 2989 1208 3029 non
1230 2965 1354 3050 patitur
1373 2959 1528 3049 progredi

381 3063 439 3127 sed
461 3064 504 3128 ad
527 3087 562 3129 se
585 3067 673 3150 cogit
694 3066 827 3152 regredi
850 3067 927 3131 dum
950 3069 985 3131 in
1006 3066 1140 3131 alterius
1168 3067 1289 3152 trigoni
1312 3066 1443 3148 signum
1466 3070 1527 3125 eat.

466 3166 620 3231 Fortasse
648 3168 890 3232 desiderabitur
923 3170 1004 3255 quid
1032 3171 1078 3232 ita
1105 3166 1154 3233 sol
1181 3169 1295 3254 quinto
1323 3189 1343 3229 a
1370 3186 1406 3228 se
1434 3165 1527 3248 signo
1544 3176 1570 3223 13

330 3269 489 3354 2011011110
513 3290 610 3354 quam
638 3270 780 3336 secundo
811 3279 868 3334 aut
895 3273 993 3335 tertio
1016 3293 1098 3357 quae
1120 3278 1196 3333 sunt
1218 3269 1370 3357 propiora
1392 3265 1474 3330 facit
1494 3266 1527 3328 in

380 3369 431 3433 his
455 3370 640 3435 fervoribus
662 3355 903 3436 retentiones?
931 3395 1009 3458 ergo
1032 3371 1305 3458 quemadmodum
1327 3369 1362 3432 id
1384 3368 1456 3432 fieri
1478 3367 1525 3430 vi-

450 3629 463 3676 1
483 3627 641 3677 tricensimo
662 3629 712 3678 GH
735 3627 784 3691 (L,
803 3630 957 3682 —eesaimo
976 3628 1010 3694 0),
1029 3629 1166 3682 —cesimo
1190 3630 1216 3680 E
1239 3628 1330 3693 (Hit).
1354 3623 1366 3694 ll
1390 3631 1406 3677 3
1425 3625 1464 3677 ei:
1490 3626 1526 3675 sic

381 3712 467 3762 ΕΘΗ.
491 3708 503 3779 Η
526 3712 603 3762 this
623 3713 673 3762 GH
692 3711 748 3778 (L).
771 3711 783 3780 11
807 3717 822 3764 6
847 3715 972 3779 doneque
992 3732 1053 3765 cum
1072 3732 1118 3780 epo
1138 3715 1268 3778 (donique
1292 3710 1423 3774 Lucani:
1453 3709 1526 3759 deni·

382 3814 434 3862 que
454 3794 583 3862 (deinque
609 3797 652 3862 6⁶)
677 3800 711 3847 eu
733 3798 821 3852 EGH.
847 3797 858 3864 ΙΙ
887 3802 902 3849 9
927 3816 988 3850 eam
1010 3801 1100 3851 Sela:
1129 3815 1163 3849 ea
1185 3799 1271 3849 EGH.
1299 3795 1312 3865 ΙΙ
1340 3799 1372 3846 10
1394 3794 1525 3860 impedire

380 3883 470 3936 Sota:
500 3883 618 3948 inpediri
641 3882 728 3932 EGH.
752 3880 764 3947 ll
795 3886 825 3932 11
850 3885 1040 3949 perspicibilis
1062 3887 1094 3934 H
1110 3884 1193 3948 (Llc):
1221 3881 1417 3949 perspicabilis
1435 3879 1492 3929 EG.
1511 3874 1523 3944 Η

381 3968 636 4018 obacrurationibus
647 3968 668 4017 G
679 3966 739 4030 (non
750 3968 794 4032 E),
808 3975 835 4016 ut
846 3984 927 4032 supra
937 3985 965 4033 p.
976 3971 1035 4032 219,
1049 3972 1092 4022 24.
1110 3966 1122 4034 ΙΙ
1140 3971 1170 4016 12
1183 3970 1348 4033 appareant:
1366 3967 1405 4015 sic
1415 3965 1498 4014 EGH.
1511 3958 1522 4026 ll

381 4055 413 4103 13
432 4054 539 4103 faciant
559 4051 652 4115 (-unt
668 4054 749 4114 Joc.):
775 4052 881 4101 facient
899 4053 986 4105 EGH.
1010 4051 1022 4117 ΙΙ
1046 4069 1097 4103 eae
1115 4054 1145 4101 H
1163 4050 1224 4116 (L):
1247 4051 1300 4101 hae
1319 4050 1369 4100 EG
1388 4047 1434 4114 (ho
1453 4046 1522 4114 10111

382 4137 413 4186 15
432 4136 628 4187 divinitatibus
647 4137 697 4187 EG
715 4135 773 4199 (sed
791 4135 1235 4202 (16011111οῑ0101110011011111111
1260 4134 1481 4187 divinationibus
1498 4132 1525 4180 H

381 4217 461 4284 (Llc).
485 4217 497 4288 [Ι
520 4222 705 4271 obscuritates
723 4223 778 4271 ed:
798 4222 867 4270 —tis
887 4221 972 4272 ΕΘΗ.
997 4218 1011 4290 ss
1030 4223 1152 4271 ruratio
1171 4221 1301 4293 110111οΗ
1315 4217 1424 4283 (60LI):
1443 4218 1526 4267 ratio·

382 4307 463 4356 nibus
482 4306 507 4354 E
524 4313 550 4354 et
567 4313 627 4357 ante
645 4323 713 4359 corr.
735 4306 756 4356 G
774 4304 835 4370 (cd).
859 4301 872 4373 ΙΙ
895 4308 926 4357 18
945 4310 1050 4357 eterra:
1068 4309 1107 4356 sic
1124 4307 1210 4356 EGH.
1234 4302 1247 4372 ΙΙ
1270 4306 1302 4356 19
1320 4309 1399 4355 ortus
1419 4302 1466 4367 (sc.
1486 4317 1525 4352 so·

380 4391 427 4453 lis)
447 4406 506 4456 epo:
538 4406 619 4440 arcus
638 4391 724 4441 ΕΘΗ.
750 4387 763 4457 ss
790 4393 823 4440 20
845 4390 993 4441 vehemens
1014 4390 1099 4441 radiis
1117 4392 1153 4440 L:
1183 4389 1405 4441 vehemensadiis
1426 4389 1457 4436 H
1474 4386 1524 4450 (lc),

380 4466 529 4525 vehemens
549 4474 620 4525 adiis
638 4476 695 4526 EG.
726 4471 738 4543 ss
764 4478 795 4525 21
814 4475 942 4542 perducit
962 4480 990 4525 et
1007 4482 1072 4525 ante
1090 4477 1160 4526 doe:
1184 4475 1313 4541 perducit
1332 4477 1430 4522 tantae
1454 4469 1524 4536 (—-tq

380 4559 440 4622 EG)
465 4560 550 4613 EGH.
581 4555 593 4627 l}
619 4561 652 4610 23
681 4561 745 4610 adse
769 4560 879 4628 regredi
905 4561 934 4609 in
963 4561 1078 4610 alterius
1106 4561 1209 4626 trigoni
1235 4560 1345 4624 signum
1367 4573 1427 4608 esse
1450 4555 1526 4606 Euri

382 4641 471 4709 (cogit
488 4647 549 4697 add.
568 4646 639 4702 Jac,
662 4644 789 4696 donicum
813 4650 894 4695 -eat
916 4645 1008 4711 Mar).
1037 4643 1049 4713 ΙΙ
1077 4648 1110 4695 25
1133 4645 1262 4710 propiora
1285 4637 1352 4694 aeri:
1384 4646 1524 4711 propriora

381 4728 459 4778 EGH
478 4727 517 4791 (t).
540 4726 552 4796 Η
577 4731 658 4780 facit:
676 4731 714 4779 sic
732 4730 818 4784 EGH.
