3784 5625
678 656 725 701 nu
748 654 1018 704 aucurrucrusa
1040 658 1110 703 urs.
1127 658 1201 702 vur.
1448 639 1509 703 207

369 831 466 896 quam
489 807 688 873 solidissima
710 806 879 895 solumque
900 810 965 871 rivi
995 806 1187 872 libramenta
1208 807 1327 871 habeat
1355 807 1511 892 fastigata

367 934 409 974 ne
431 912 538 974 minus
561 912 595 973 in
618 919 770 974 centenos
792 910 894 996 pedes
916 910 1058 993 sicilico,
1089 931 1210 995 eaeque
1232 918 1413 973 structurae
1436 932 1510 974 con-

367 1012 569 1077 fornicentur
595 1021 631 1076 ut
659 1013 793 1074 minime
821 1010 870 1076 sol
898 1033 1016 1099 aquam
1045 1022 1168 1096 tangat.
1219 1034 1356 1098 cumque
1383 1013 1510 1075 venerit

366 1114 410 1177 ad
439 1114 585 1194 moenia,
621 1112 781 1177 efficiatur
810 1112 980 1177 castellum
1008 1122 1039 1176 et
1070 1112 1202 1177 castello
1235 1115 1441 1178 coniunctum
1468 1113 1510 1177 ad

367 1213 590 1301 recipiendam
616 1235 734 1299 aquam
761 1214 883 1301 triplex
910 1215 1144 1297 inmissarium,
1176 1214 1448 1301 conlocenturque
1476 1216 1544 1277 ino

367 1314 500 1381 castello
523 1324 589 1378 tres
611 1314 739 1379 fistulae
761 1315 941 1401 aequaliter
961 1316 1088 1379 divisae
1109 1316 1196 1380 iutra
1217 1315 1420 1402 receptacula
1436 1337 1509 1380 con·

365 1420 493 1500 iuncta,
522 1419 571 1481 uti
594 1438 668 1479 cum
689 1416 907 1480 abundaverit
934 1423 977 1481 ab
1001 1419 1172 1500 extremis,
1202 1418 1236 1480 in
1258 1416 1400 1480 medium
1422 1438 1509 1481 rece-

332 1518 533 1606 aptaculum
555 1517 727 1581 redundet.
770 1518 873 1581 ita-in
888 1519 996 1583 medio
1019 1503 1180 1605 ponentur
1201 1518 1328 1582 fistulae
1349 1520 1384 1582 in
1399 1540 1508 1584 omnes

365 1621 457 1685 lacus
473 1629 506 1683 et
527 1618 691 1701 salientes,
715 1641 758 1683 ex
772 1618 874 1684 altero
896 1621 931 1683 iu
953 1618 1099 1685 balineas
1115 1630 1151 1684 ut
1173 1620 1315 1705 vectigal
1337 1609 1508 1706 quotannis

364 1722 484 1809 populo
513 1730 696 1809 praestent,
726 1743 832 1808 exque
859 1722 958 1785 tertio
979 1722 1014 1784 in
1044 1722 1155 1787 domos
1182 1723 1327 1809 privatas
1354 1744 1396 1785 ne
1424 1722 1509 1787 desit
1528 1737 1560 1786 10

364 1826 399 1888 in
421 1824 565 1912 publico.
610 1824 784 1888 nonenim
812 1832 966 1909 poterunt
992 1831 1156 1906 avertere,
1187 1846 1259 1888 cum
1286 1824 1459 1888 habuerint
1489 1848 1509 1888 a

364 1927 527 2012 capitibus
551 1926 698 2013 proprias
715 1925 895 1990 ductiones
933 1924 1014 1988 haec
1029 1936 1137 1990 autem
1152 1947 1251 2011 quare
1267 1925 1374 1989 divisa
1390 1928 1507 1990 consti-

363 2028 498 2110 tuerim,
523 2049 580 2090 eae
600 2036 675 2091 sunt
698 2047 814 2091 causae
830 2036 862 2090 et
883 2028 932 2090 uti
955 2030 1012 2113 qui
1034 2028 1188 2115 privatim
1204 2026 1324 2091 ducent
1344 2026 1507 2116 indomos

329 2128 580 2215 avectigalibus
609 2137 761 2193 tueantur
787 2150 846 2215 per
877 2128 1066 2215 publicanos
1094 2150 1250 2214 aquarum
1278 2128 1405 2192 ductus.
1456 2130 1508 2192 sin

362 2239 473 2294 autem
494 2228 595 2294 medii
617 2239 743 2294 montes
766 2238 861 2293 crunt
890 2231 975 2293 inter
996 2230 1124 2293 moenia
1146 2238 1178 2293 et
1201 2239 1298 2317 caput
1319 2229 1435 2313 fontis,
1459 2232 1507 2294 sic
1526 2246 1557 2295 15

363 2333 426 2396 erit
454 2330 642 2395 iaciendum
668 2333 718 2396 uti
749 2352 864 2417 specus
892 2329 1059 2395 fodiantur
1081 2328 1142 2394 sub
1170 2340 1256 2394 terra
1284 2330 1507 2417 librenturque

362 2433 405 2497 ad
435 2420 604 2518 fastigium
627 2432 714 2520 quod
743 2432 1021 2519 suprascriptum
1049 2441 1115 2515 est,
1144 2442 1175 2496 et
1203 2434 1231 2495 si
1258 2431 1345 2496 tofus
1368 2433 1429 2495 erit
1450 2441 1507 2496 aut

363 2557 497 2617 saxum,
525 2535 561 2598 in
588 2556 646 2598 suo
670 2533 735 2599 sibi
764 2533 886 2598 canalis
914 2534 1100 2614 excidatur,
1130 2535 1181 2598 sin
1207 2544 1317 2597 autem
1342 2542 1506 2597 terrenum

360 2647 418 2700 aut
452 2636 647 2709 harenosum
675 2637 736 2699 erit
769 2636 889 2717 solum,
922 2637 1063 2722 parietes
1091 2659 1165 2701 cum
1192 2657 1318 2699 camera
1344 2636 1380 2698 in
1407 2657 1506 2722 specu

362 2746 532 2803 struantur
553 2747 585 2801 et
606 2738 654 2801 ita
675 2737 888 2825 perducatur,
917 2740 1072 2825 puteique
1094 2738 1141 2801 ita
1163 2738 1229 2801 sint
1250 2736 1328 2802 facti
1350 2738 1400 2801 uti
1421 2739 1506 2801 inter
1522 2755 1555 2803 20

361 2841 457 2905 binos
479 2841 546 2905 sint
567 2850 668 2904 actus.
991 2857 995 2863 ’

327 2966 372 3012 4-
448 2941 508 3007 sin
528 2951 638 3006 autem
660 2941 777 3006 fistulis
805 2942 965 3029 plumbeis
994 2942 1147 3021 ducetur,
1175 2943 1315 3029 primum
1338 2941 1506 3007 castellum
1574 2945 1580 2950 ’

359 3043 403 3107 ad
427 3052 525 3130 caput
547 3052 705 3124 struatur,
729 3042 849 3106 deiude
863 3043 905 3106 ad
928 3045 1055 3131 copiam
1069 3065 1172 3129 aquae
1194 3042 1303 3108 lumen
1323 3043 1505 3108 fistularum

363 3140 591 3227 constituatur,
615 3167 736 3231 eaeque
757 3144 885 3208 fistulae
901 3140 1034 3210 castello
1050 3144 1258 3209 conlocentur
1271 3145 1314 3209 ad
1337 3145 1505 3210 castellum

361 3247 449 3332 quod
480 3248 542 3311 erit
573 3247 609 3310 in
636 3247 817 3312 moenibus.
871 3246 1000 3311 fistulae
1027 3269 1069 3310 ne
1095 3248 1201 3310 minus
1235 3245 1352 3332 longae
1384 3247 1504 3334 pedum
1522 3267 1555 3316 25

360 3348 483 3412 denum
498 3348 687 3413 fundantur.
725 3350 851 3435 quaesi
867 3351 1071 3414 centenariae
1088 3358 1197 3431 erunt,
1219 3350 1346 3436 pondus
1363 3349 1505 3414 habeant

429 3609 443 3657 1
463 3607 600 3673 fastigata
619 3607 671 3656 GH
689 3603 731 3668 (h,
751 3606 867 3672 fastigia
885 3607 928 3673 lc).
945 3604 989 3674 112
1007 3606 1115 3658 sicilico
1134 3607 1212 3671 (Ptin.
1232 3612 1274 3666 31,
1287 3611 1345 3674 57):
1364 3610 1503 3675 semipede

361 3692 415 3743 GH
431 3689 539 3756 notir(S
558 3699 584 3741 et
600 3689 629 3755 ὃ)
647 3698 674 3741 ut
696 3693 796 3742 videtur
812 3693 924 3754 confusis
948 3688 1123 3757 (sesquipede
1142 3695 1207 3744 Pau.
1230 3696 1253 3750 9,
1273 3698 1313 3752 11,
1331 3693 1401 3759 pede
1420 3696 1503 3744 semis

358 3774 444 3841 epit).
467 3771 479 3841 Η
502 3790 640 3839 cacquae:
659 3791 727 3841 uque
748 3777 777 3834 G,
796 3791 883 3841 aeque
902 3776 930 3823 H
950 3775 1067 3839 (aequae
1085 3777 1117 3834 L,
1137 3792 1224 3840 aeque
1242 3779 1257 3835 I,
1277 3778 1434 3841 aquaead).
1455 3775 1467 3844 Η
1487 3779 1502 3828 5

356 3856 560 3924 recipiendam:
579 3861 617 3910 sic
630 3860 681 3909 GH
693 3860 787 3925 (Llct).
805 3856 817 3927 Η
834 3859 947 3910 sistra:
965 3864 1005 3909 sie
1017 3860 1076 3911 GH.
1092 3856 1104 3925 Η
1120 3858 1265 3909 9balneas
1280 3861 1330 3909 GH
1340 3858 1384 3924 (L,
1394 3861 1502 3912 balneis

357 3943 403 4009 lc).
429 3947 461 3993 ut
472 3945 569 3994 addidi.
587 3940 599 4010 Η
617 3946 648 3994 10
667 3960 754 4009 exque
768 3960 826 4008 epo:
847 3944 982 4007 exquibus
995 3942 1078 4008 (-b;)
1100 3943 1158 3995 GH.
1174 3939 1185 4008 Η
1201 3942 1296 3994 domus
1309 3945 1367 3994 GH.
1384 3940 1396 4010 Η
1413 3948 1442 3993 11
1455 3960 1501 4009 po-

357 4028 442 4078 terint
456 4028 514 4077 GH.
535 4023 547 4094 Η
568 4030 600 4078 13
618 4043 667 4078 eae
680 4044 739 4092 epo:
759 4028 812 4077 hae
827 4028 871 4092 (he
886 4027 918 4092 G)
933 4028 992 4080 GH.
1005 4024 1016 4094 Η
1029 4043 1130 4078 causas
1148 4028 1190 4076 uti
1203 4027 1249 4090 qui
1267 4026 1361 4092 (cause
1376 4029 1435 4077 .uti
1455 4026 1502 4093 qui

358 4112 391 4174 G)
413 4111 467 4162 GH
481 4110 523 4176 (et
539 4111 650 4175 addidi).
663 4109 674 4179 Η
687 4115 718 4162 16
736 4112 893 4162 faciendum
913 4113 965 4162 GH
982 4111 1025 4175 (L,
1045 4112 1203 4163 faciundum
1220 4111 1264 4173 lc).
1279 4108 1292 4176 Η
1312 4111 1453 4162 fodiantur
1466 4113 1500 4163 G:

357 4196 500 4246 fodientur
518 4197 546 4255 H
563 4193 626 4262 (ck).
646 4193 658 4264 Η
677 4197 883 4262 liberenturque
904 4198 933 4248 G.
955 4193 967 4262 Η
991 4198 1022 4245 18
1040 4197 1069 4245 iu
1087 4212 1136 4247 suo
1154 4196 1219 4246 sibi:
1237 4199 1276 4245 sic
1295 4197 1353 4248 GH.
1373 4193 1385 4262 Η
1406 4199 1437 4246 19
1456 4213 1501 4247 so·

355 4279 414 4330 lum
432 4277 456 4330 81
474 4280 514 4342 (et
534 4282 566 4346 G)
583 4283 707 4348 parietes
727 4283 778 4332 GH
796 4273 835 4339 (et
852 4284 901 4334 det.
920 4279 999 4345 dou).
1016 4277 1027 4347 Η
1044 4297 1154 4332 camera
1166 4282 1198 4331 H
1213 4280 1292 4344 (tre),
1311 4297 1422 4331 camara
1441 4283 1471 4331 G.
1486 4280 1497 4346 Η

354 4367 390 4415 ao
412 4365 466 4416 ira:
488 4366 527 4415 aa
545 4367 596 4416 uu
614 4367 656 4431 (a,
675 4368 715 4417 111
733 4364 775 4431 a).
799 4354 811 4433 Η
833 4367 887 4415 uu:
905 4367 943 4416 sa
963 4366 1021 4415 uu.
1044 4363 1056 4432 Η
1078 4369 1110 4416 ar
1128 4367 1209 4417 sinos
1232 4364 1297 4432 (090,
1315 4382 1350 4416 a.
1370 4365 1425 4427 ·11·)
1443 4367 1501 4415 unt

354 4447 452 4513 (βου-Η
476 4449 545 4500 duos
562 4450 600 4500 sit
624 4452 681 4509 GH,
704 4449 716 4518 Η
738 4454 771 4502 23
789 4451 824 4500 ad
843 4453 950 4515 copiam
969 4444 1058 4514 aquae
1076 4453 1129 4501 εὼς
1154 4452 1272 4516 adcopia
1290 4467 1361 4516 quae
1379 4453 1446 4518 (quq
1467 4454 1498 4518 G)

356 4533 419 4584 GH.
438 4531 451 4600 Η
476 4537 511 4586 24
528 4536 727 4586 constituatur:
746 4538 783 4586 sic
803 4536 861 4586 GH.
884 4531 896 4600 Η
919 4549 1037 4598 eaeque:
1064 4551 1133 4601 eque
1153 4537 1182 4594 G,
1201 4551 1262 4601 aeq3
1280 4537 1403 4601 11(ch
1428 4555 1498 4604 aque

354 4625 418 4668 ante
440 4634 510 4668 corr.
528 4621 545 4677 1,
563 4635 641 4685 aequo
659 4618 701 4682 lc).
723 4615 735 4686 Η
758 4619 867 4670 fistulae
886 4617 957 4686 (-lq
977 4620 1008 4682 G)
1030 4622 1158 4672 castello:
1180 4623 1218 4673 sic
1237 4623 1291 4673 GH
1305 4624 1376 4686 (fort.
1400 4627 1500 4675 inseras

355 4703 394 4768 e).
420 4702 432 4772 Η
456 4708 489 4757 25
506 4709 632 4756 neminus
650 4704 748 4770 longae
767 4708 795 4757 H
814 4705 896 4770 (Llc):
915 4721 963 4757 cnr.
984 4706 1013 4759 G.
