3784 5625
388 641 449 706 186
875 656 1034 703 vrrnovn

385 832 510 898 sapore.
555 811 633 874 item
663 808 819 874 sabulone
846 808 952 874 soluto
979 812 1086 874 tenuis
1114 808 1173 875 sed
1199 808 1366 874 inferioris
1393 810 1460 876 loci
1480 813 1527 875 in·

387 914 545 981 venietur.
590 934 628 975 ea
650 914 712 977 erit
734 911 849 977 limosa
871 922 904 976 et
924 913 1082 976 insuavis.
1119 921 1207 976 terra
1227 921 1337 976 antem
1358 913 1456 997 nigra
1477 937 1527 978 su·

385 1014 480 1079 dores
503 1022 535 1077 et
557 1012 664 1077 stillae
692 1013 795 1078 exiles
816 1015 1043 1096 inveniuntur,
1066 1035 1150 1099 quae
1173 1035 1216 1077 ex
1236 1012 1385 1077 hibernis
1406 1023 1527 1102 tempe-

385 1116 524 1181 statibus
547 1114 702 1180 collectae
723 1117 759 1179 in
781 1116 896 1203 spissis
920 1124 952 1179 et
975 1114 1088 1179 solidis
1115 1113 1196 1179 locis
1219 1115 1406 1180 subsidunt.
1449 1116 1528 1180 haec

350 1218 504 1283 thabent
537 1220 695 1305 optimum
727 1239 886 1305 saporem.
935 1207 1047 1302 glarea
1077 1238 1156 1280 vero
1189 1218 1371 1282 mediocres
1404 1228 1438 1282 et
1465 1241 1528 1283 nou

384 1330 491 1384 certae
518 1311 622 1383 venae
648 1321 864 1407 reperiuntur.
909 1319 971 1382 hae
998 1340 1127 1405 quoque
1154 1328 1231 1383 eunt
1258 1320 1393 1404 egregia
1422 1322 1526 1385 suavi·

383 1431 460 1486 tate.
504 1423 583 1485 item
611 1419 767 1485 sabulone
794 1420 939 1486 masculo
966 1420 1151 1506 harenaque
1180 1430 1213 1485 et
1239 1420 1440 1487 'carbunculo
1462 1444 1526 1487 eer-

383 1524 483 1587 tiores
513 1532 545 1586 et
573 1520 757 1587 stabiliores
786 1532 863 1587 sunt
890 1524 1017 1609 copiae,
1046 1543 1168 1608 eaeque
1189 1532 1266 1587 sunt
1292 1522 1380 1588 bono
1403 1547 1525 1610 sapore.

383 1624 481 1689 rubro
504 1645 584 1688 saxo
607 1632 639 1688 et
662 1625 812 1711 copiosae
834 1634 866 1690 et
888 1625 1004 1706 bonae,
1028 1626 1056 1688 si
1077 1645 1143 1689 nou
1164 1646 1225 1711 per
1246 1626 1434 1690 intervenia
1448 1626 1525 1691 dila-

231 1799 234 1806 ,
334 1744 366 1791 10
382 1726 502 1791 bantur
529 1735 561 1790 et
588 1724 780 1812 liquescant.
825 1727 886 1792 sub
914 1726 1082 1792 radicibus
1109 1736 1219 1791 autem
1244 1728 1406 1793 montium
1434 1737 1466 1791 et
1494 1730 1526 1792 in

384 1828 474 1895 saxis
502 1826 651 1894 silicibus
679 1827 846 1894 uberiores
873 1837 906 1893 et
925 1827 1166 1911 affluentiores,
1195 1850 1318 1915 eaeque
1338 1828 1525 1915 frigidiores

384 1940 506 1995 suntet
522 1928 728 1996 salubriores.
758 1930 995 2018 campestribus
1006 1940 1115 1995 autem
1130 1928 1275 1995 fontibus
1291 1930 1398 1997 salsae
1411 1953 1525 2017 graves

382 2030 529 2119 tepidae,
556 2054 623 2097 non
650 2054 767 2097 suaves
796 2034 861 2097 nisi
890 2054 972 2119 quae
1000 2053 1043 2095 ex
1071 2031 1236 2097 montibus
1258 2033 1320 2097 sub
1341 2043 1432 2098 terra
1453 2034 1524 2100 sub·

269 2124 274 2133 ’
382 2144 551 2200 manantes
572 2143 744 2221 erumpunt
764 2136 799 2199 in·
821 2134 946 2199 medios
962 2156 1091 2221 campos
1107 2133 1220 2220 ibique
1233 2133 1387 2199 arborum
1402 2135 1525 2200 umbris

333 2254 364 2302 15
383 2246 549 2301 contectae
571 2246 738 2322 praestant
764 2245 991 2301 montanorum
1017 2234 1157 2300 fontium
1179 2237 1388 2302 suavitatem.
1433 2240 1552 2323 signat

381 2347 490 2402 autem
511 2337 629 2423 quibus
651 2347 811 2403 terrarum
837 2338 1013 2424 generibus
1039 2339 1140 2423 supra
1165 2339 1324 2425 scriptum
1347 2347 1398 2403 est
1419 2361 1458 2403 ea
1479 2339 1523 2401 in·

382 2441 555 2504 venientur
567 2442 748 2521 nascentia,
765 2443 874 2507 tenuis
889 2443 1016 2522 iuncus,
1032 2436 1118 2504 salix
1133 2442 1282 2523 erratica,
1297 2438 1408 2523 alnus,
1423 2441 1524 2522 vitex,

381 2542 540 2623 harundo,
562 2541 684 2606 hedera
705 2542 833 2628 aliaque
855 2564 938 2629 quae
961 2541 1122 2607 eiusmodi
1144 2551 1235 2624 sunt,
1259 2563 1343 2627 quae
1364 2564 1432 2606 non
1453 2565 1523 2629 pos-

382 2652 457 2709 sunt
479 2646 570 2709 nasoi
591 2666 650 2732 per
671 2666 706 2709 se
728 2645 799 2709 sine
820 2666 942 2710 umore.
979 2642 1085 2709 solent
1099 2653 1208 2708 autem
1223 2642 1338 2708 eadem
1351 2645 1388 2708 in
1402 2644 1524 2709 lacrmis
1582 2730 1584 2736 Ι

331 2764 364 2812 20
381 2755 458 2809 nata
480 2767 553 2809 esse
580 2768 662 2832 quae
690 2745 840 2811 sedentes
868 2755 999 2835 praeter
1025 2744 1188 2833 reliquum
1213 2768 1328 2832 agrum
1357 2748 1525 2835 excipiunt

383 2869 425 2911 ex
452 2847 611 2911 imbribus
644 2857 676 2912 et
707 2850 796 2933 agris
829 2870 888 2936 per
918 2849 1060 2929 hiemem
1087 2857 1285 2937 propterque
1300 2842 1524 2936 ,capacitatem

382 2949 506 3014 diutius
528 2959 724 3014 conservant
745 2973 900 3016 umorem.
934 2950 1054 3037 quibus
1075 2974 1141 3015 uon
1163 2961 1213 3016 est
1234 2950 1445 3034 credendum,
1468 2952 1524 3015 sed

381 3050 500 3138 quibus
522 3052 711 3136 regionibus
735 3063 768 3117 et
789 3054 901 3133 terris,
923 3075 990 3117 uon
1010 3051 1148 3134 lacunis,
1172 3074 1212 3116 ea
1231 3054 1328 3138 signa
1348 3062 1524 3119 nascuntur

379 3177 446 3219 non
468 3163 538 3219 sata
560 3153 619 3218 sed
640 3153 832 3220 naturaliter
853 3176 912 3240 per
933 3176 968 3218 se
990 3163 1170 3241 procreata,
1193 3155 1241 3219 ibi
1263 3165 1314 3220 est
1329 3155 1522 3241 quaerenda.

330 3274 364 3323 25
381 3258 416 3320 in
442 3256 562 3344 quibus
591 3257 620 3321 si
647 3255 705 3320 eae
731 3255 1005 3342 significabuntur
1030 3256 1252 3341 inventiones,
1281 3257 1448 3346 sic-eruut
1469 3268 1550 3320 eri-t

380 3358 569 3444 periundae.
613 3357 757 3424 fodiatur
772 3380 1017 3456 quoquoversus
1036 3358 1127 3423 locus
1147 3357 1233 3424 latus
1246 3381 1289 3423 ne
1302 3360 1412 3424 minus
1427 3359 1523 3446 pedes

451 3617 464 3663 l
483 3614 532 3664 sed
550 3597 690 3664 inferioris
708 3613 776 3664 loci:
798 3616 836 3664 rie
855 3616 908 3665 GH
924 3614 981 3679 (tt,
1005 3615 1055 3667 sed
1077 3615 1175 3666 inferis
1196 3615 1267 3667 locis
1283 3615 1334 3681 σΙι).
1357 3613 1370 3684 ΙΙ
1399 3620 1415 3667 2
1437 3622 1522 3669 terra:

380 3701 418 3750 sie
437 3699 495 3753 GH.
516 3695 528 3765 ΙΙ
548 3699 658 3750 sudores
678 3701 711 3752 G:
731 3700 838 3751 sudoris
857 3701 888 3750 H
904 3699 984 3764 (Ltr).
1007 3695 1020 3766 ΙΙ
1040 3702 1058 3751 4
1074 3701 1127 3751 hec
1145 3702 1177 3750 H
1193 3699 1256 3768 (hqc
1273 3701 1310 3764 L,
1328 3701 1401 3754 haec
1419 3701 1467 3765 tel:
1490 3701 1523 3766 bq

383 3786 412 3835 G.
428 3781 445 3851 ll
465 3787 480 3836 5
499 3800 553 3834 nou
571 3788 664 3835 certae
677 3785 733 3837 doe.
753 3782 851 3848 (epit.):
871 3800 927 3835 uon
944 3786 1049 3836 incerte
1069 3783 1141 3851 (-tq
1152 3784 1183 3849 G)
1199 3786 1257 3836 GH.
1272 3782 1285 3851 ΙΙ
1302 3785 1385 3837 bhae
1397 3787 1429 3837 H
1439 3784 1522 3850 (Llc):

381 3870 434 3935 hqc
453 3871 483 3923 G.
502 3866 515 3936 Η
537 3875 601 3919 sunt
619 3870 746 3936 egregia:
763 3870 801 3919 sic
820 3869 878 3918 GH.
901 3866 914 3935 ΙΙ
937 3872 953 3921 ‘1
970 3870 1129 3935 harenaque
1148 3869 1314 3920 carbunculo
1334 3869 1391 3920 GH
1405 3867 1446 3933 (et
1463 3872 1523 3922 add.

380 3954 460 4020 doe).
478 3950 492 4021 [Ι
513 3955 530 4004 8
548 3959 576 4005 et
594 3953 753 4005 stabiliores
774 3955 807 4006 G:
826 3969 874 4005 om.
893 3955 924 4002 H
940 3952 1019 4018 (He).
1036 3949 1048 4020 ΙΙ
1065 3969 1152 4020 eqque
1166 3954 1195 4013 G,
1215 3967 1303 4019 aeque
1319 3955 1353 4004 H
1367 3952 1432 4018 (hae
1452 3969 1523 4020 quae

381 4041 412 4098 L,
430 4041 478 4090 sed
494 4039 601 4104 haeque
619 4040 668 4096 110,
692 4054 780 4104 aquae
803 4039 845 4098 eb,
865 4052 935 4105 aque
955 4041 975 4098 l,
997 4041 1046 4089 red
1061 4041 1083 4089 1⁶
1101 4037 1209 4106 aeqnq)‚
1232 4035 1245 4105 ll
1274 4040 1304 4089 11
1324 4046 1414 4105 aeque
1432 4040 1466 4088 H
1480 4039 1523 4106 (hp

381 4139 432 4191 que
451 4124 486 4183 L,
509 4126 558 4174 aed
577 4123 612 4191 hp
636 4138 688 4189 que
708 4125 756 4183 ιθ,
776 4138 864 4189 aeqnq
886 4126 902 4180 l,
922 4137 1011 4188 aquae
1029 4122 1085 4187 eb):
1108 4127 1192 4188 atque
1211 4124 1241 4174 θ.
1266 4119 1278 4190 ΙΙ
1306 4125 1339 4175 13
1360 4138 1465 4175 suaves
1489 4125 1523 4174 G:

381 4211 457 4259 -vis
473 4208 506 4256 Η
515 4205 593 4272 (hle).
611 4205 623 4274 ΙΙ
640 4209 837 4259 submanantes
856 4208 910 4258 GH
925 4207 988 4270 (cot,
1007 4207 1203 4260 submanantes
1222 4210 1256 4260 Ll
1272 4216 1298 4259 et
1309 4215 1370 4260 ante
1382 4224 1452 4260 corr.
1462 4208 1497 4274 σ).
1509 4205 1520 4269 Η

384 4295 414 4343 14
436 4291 597 4359 inmeldios
620 4308 732 4359 campos
753 4293 848 4357 ibique
872 4293 906 4344 ⁶:
934 4291 1055 4343 inmedio
1079 4291 1313 4360 campolsibique
1339 4294 1373 4343 H
1393 4292 1522 4357 (inmedio

382 4393 477 4445 campo
495 4379 603 4444 sibique
621 4378 690 4443 Lte).
711 4375 725 4446 ΙΙ
747 4378 779 4429 16
796 4377 941 4429 invenient
958 4384 1018 4427 ante
1035 4393 1104 4432 corr.
1123 4379 1152 4429 G.
1174 4375 1186 4444 ΙΙ
1214 4380 1246 4428 to
1264 4375 1362 4429 eadem
1385 4377 1522 4428 inlacuuis

383 4463 503 4527 GH(Ll,
522 4463 660 4515 iulacunis
679 4462 845 4526 eademst).
867 4458 881 4529 ΙΙ
903 4465 937 4514 20
959 4461 1099 4513 sedentes:
1118 4464 1158 4518 ¹sic
1182 4461 1240 4516 GH.
1266 4459 1279 4529 ΙΙ
1302 4464 1335 4513 21
1354 4467 1521 4528 propterque

383 4563 443 4612 cap.
462 4547 579 4598 diutius:
597 4550 635 4598 sic
654 4549 712 4598 GH.
732 4545 746 4615 fl
764 4550 798 4598 24
816 4551 976 4614 procreata:
999 4548 1037 4598 eie
1055 4548 1114 4598 GH.
1138 4544 1152 4614 ΙΙ
1176 4549 1209 4599 26
1228 4562 1279 4611 eae
1297 4549 1330 4598 H
1349 4546 1416 4612 (hae
1434 4548 1470 4606 L,
1487 4548 1520 4611 hq

382 4632 421 4689 eb,
437 4630 473 4681 he
490 4631 523 4695 l):
542 4633 577 4697 hq
597 4634 626 4686 θ.
647 4628 659 4698 ΙΙ
679 4633 876 4698 experiundae:
894 4635 933 4684 sie
952 4632 1011 4686 GH.
1035 4627 1049 4697 ΙΙ
1072 4633 1107 4682 26
1125 4644 1234 4698 quoqne
1255 4647 1353 4684 versus
1377 4633 1430 4685 611
1446 4631 1520 4697 (qno-

383 4729 435 4779 que
453 4730 547 4766 versus
564 4716 633 4779 Ltc).
