3784 5625
388 652 452 715 304
571 665 619 711 nn
641 663 803 713 nrvnasrs
827 664 988 713 sasnrcrs
1011 666 1349 714 ascnrmcromora.

387 817 554 904 aequalem
587 820 725 882 nitorem
747 818 936 899 ostendere,
965 827 1002 881 ut
1029 820 1056 883 si
1080 841 1176 904 quam
1198 819 1367 883 cultiorem
1395 821 1535 904 gratiam

389 930 531 983 emutare
554 920 708 1001 volueris,
732 919 881 983 fasciculi
903 919 1062 984 mollioris
1085 942 1206 983 cannae
1228 920 1358 984 facilius
1381 922 1460 986 flexi
1476 922 1535 985 du·

389 1031 514 1085 cantur.
558 1030 673 1108 postea
700 1022 805 1107 primo
828 1044 926 1083 manu
948 1022 1121 1084 inducatur
1148 1022 1285 1107 inpensa
1312 1025 1472 1108 pumicea,
1501 1033 1534 1087 et

386 1122 571 1187 trullizetur
592 1131 630 1188 ut
652 1144 755 1185 canna
783 1124 971 1207 subigatur,
1000 1121 1119 1185 deinde
1147 1124 1268 1186 harena
1290 1134 1322 1186 et
1345 1123 1432 1187 calce
1455 1124 1532 1187 diri-

388 1236 495 1309 gatur.
540 1225 636 1287 tertio
664 1246 805 1287 marmor
832 1233 963 1287 tunsum
991 1245 1088 1309 super
1116 1223 1204 1287 calce
1226 1224 1400 1287 inducatur
1422 1235 1455 1288 et
1477 1243 1568 1311 p0-5

388 1327 498 1390 liatur.
543 1327 590 1387 sic
613 1335 644 1387 et
667 1326 772 1388 nitore
794 1327 933 1408 gratiam
956 1335 988 1387 et
1011 1327 1168 1388 virtutem
1196 1324 1335 1388 solidam
1356 1327 1468 1390 facies.
1506 1329 1534 1390 si

310 1447 313 1452 ⁴
389 1427 469 1514 quid
491 1437 599 1490 autem
621 1427 777 1489 urbanius
801 1428 939 1490 cameris
961 1426 1084 1489 addere
1106 1426 1266 1509 volueris,
1295 1427 1469 1491 fasciculos
1492 1430 1535 1490 de

389 1550 492 1590 canna
524 1526 625 1591 facies
653 1536 685 1590 et
713 1526 874 1614 laquearis
903 1529 1011 1614 operis
1038 1527 1091 1590 vel
1120 1527 1278 1591 delicatae
1303 1537 1340 1592 ut
1365 1529 1534 1593 arcuatilis

389 1651 535 1691 camerae
558 1628 717 1714 exemplis
739 1631 852 1692 uteris.
1553 1708 1563 1719 .

236 1734 377 1838 „illidi
473 1731 618 1793 Parietes
646 1753 711 1793 uno
739 1731 826 1793 corio
854 1732 944 1792 tenui
968 1739 999 1793 et
1022 1729 1087 1793 alio
1109 1733 1265 1815 grossiori
1288 1734 1315 1794 si
1338 1732 1461 1795 fuerint
1484 1733 1532 1795 in·
1555 1749 1587 1796 10

249 1840 362 1927 ffiffi
388 1833 479 1895 ducti
502 1842 534 1895 et
556 1829 661 1916 politi,
684 1833 852 1894 macritate
873 1833 1030 1917 inpensae
1049 1835 1113 1896 cito
1129 1844 1386 1919 corrumpentur.
1424 1855 1532 1897 exem—

262 1941 349 1978 ⁰³⁰f¹¹¹¹r
389 1934 479 2022 plum
506 1933 602 1996 huius
626 1954 667 1994 ex
689 1933 829 2020 speculis
852 1956 979 1997 sumere
1001 1934 1167 2016 debemus,
1191 1957 1329 2020 quorum
1350 1946 1463 1999 tenues
1487 1935 1532 1998 la-

237 2026 375 2135 (ΗΗΗΙΗΗ
388 2058 484 2098 mnae
506 2034 607 2097 falsas
630 2044 663 2097 et
685 2033 847 2099 deformes
870 2038 1059 2122 exprimunt
1080 2037 1256 2119 imagines,
1279 2036 1403 2099 solidae
1424 2047 1533 2100 autem

389 2137 516 2200 lamnae
537 2158 633 2198 veras
656 2145 688 2198 et
710 2160 788 2199 suae
809 2136 1063 2223 pulchritudinis
1079 2136 1199 2200 formas
1214 2137 1398 2221 designant.
1426 2142 1534 2225 prima

389 2262 466 2323 ergo
489 2238 678 2302 inductione
700 2237 883 2321 trullizata,
907 2261 981 2301 cum
1002 2261 1150 2302 arescere
1169 2239 1329 2325 coeperit,
1352 2241 1471 2303 iterum
1493 2262 1532 2303 ac
1554 2256 1584 2302 15

388 2342 485 2405 tertio
513 2339 718 2403 loricationes
747 2340 942 2424 dirigantur.
987 2362 1060 2403 cum
1082 2340 1188 2403 tribus
1211 2341 1308 2404 coriis
1330 2364 1411 2427 opus
1433 2342 1534 2405 fuerit

389 2442 615 2522 deformatum,
638 2451 715 2504 tunc
732 2463 774 2504 ex
788 2464 948 2505 marmore
962 2440 1080 2525 grandi
1095 2440 1331 2506 trullizationes
1353 2452 1429 2506 sunt
1443 2443 1532 2506 subi-

388 2544 526 2629 gendae.
571 2541 628 2606 sed
657 2544 729 2628 ipsa
761 2545 885 2628 species
919 2545 967 2606 sic
994 2553 1126 2628 paretur
1152 2553 1189 2606 ut
1215 2552 1292 2606 ante
1325 2542 1532 2607 inductiones

388 2645 514 2709 tamdiu
546 2644 740 2727 subigantur
767 2655 803 2707 ut
829 2654 955 2707 rutrum
977 2627 1025 2706 xeir
1053 2667 1090 2707 ea
1117 2645 1274 2707 mundum
1301 2644 1438 2707 levetur.
1482 2648 1531 2709 in-

388 2756 556 2811 arescente
582 2745 771 2808 inductione
795 2744 931 2809 alterum
955 2748 1078 2809 corium
1102 2746 1254 2810 subtilius
1278 2746 1466 2829 inducatur,
1496 2757 1532 2809 ut
1551 2765 1583 2809 aa

388 2850 558 2913 marmoris
581 2857 613 2909 et
635 2847 785 2911 candoris
814 2848 1026 2933 politionibus
1054 2848 1191 2912 fundata
1217 2848 1363 2913 soliditas
1389 2849 1531 2913 nitidum

389 2950 534 3015 culturae
561 2948 661 3012 faciat
688 2948 848 3014 decorem.
892 2952 1001 3014 omnia
1028 2973 1105 3035 ergo
1134 2973 1216 3036 quae
1244 2950 1396 3034 diligenti
1420 2950 1532 3014 studio

389 3061 639 3139 componuntur,
676 3074 781 3138 neque
818 3052 1038 3116 vetustatibus
1074 3050 1282 3116 obsolescunt
1317 3074 1423 3136 neque
1457 3074 1531 3115 cum

457 3299 470 3344 1
490 3294 634 3358 aequalem
652 3294 769 3343 nitorem
787 3291 890 3358 (nitore
902 3295 940 3343 sie
951 3293 980 3357 p)
997 3309 1045 3357 pg:
1066 3293 1208 3357 aequalem
1227 3309 1363 3342 cameram
1374 3294 1463 3342 nitore
1481 3310 1503 3342 a.
1517 3292 1528 3359 Η

388 3379 529 3428 coltiorem
547 3375 648 3443 11]).Ηῖ
668 3383 802 3427 emutare:
820 3381 857 3427 sie
868 3394 925 3442 apg.
941 3373 954 3443 Η
976 3377 1108 3427 mollioris
1121 3395 1179 3442 ego:
1199 3394 1277 3426 —res
1294 3394 1351 3441 apg.
1375 3375 1388 3443 Η
1409 3382 1424 3426 3
1443 3377 1530 3441 primo

389 3462 492 3525 (Parin
512 3464 600 3527 prima
612 3479 669 3526 apg.
693 3458 705 3527 Η
728 3463 855 3526 pumicea
868 3467 896 3510 et
908 3462 1065 3511 trullizetur
1082 3478 1129 3525 ego
1143 3460 1190 3524 (ex
1201 3462 1292 3524 paup
1316 3462 1433 3525 pumicae
1450 3460 1529 3523 (—ce

387 3564 418 3611 p,
440 3550 540 3611 punice
562 3547 590 3610 g)
618 3546 774 3595 trullizetur
795 3544 919 3609 (—eetur
939 3542 983 3609 ag)
1011 3562 1069 3610 apg.
1092 3542 1104 3611 Η
1131 3547 1275 3611 subigatur
1297 3547 1382 3597 Man:
1409 3546 1529 3609 sublig&

387 3649 445 3696 apg.
469 3629 482 3698 Η
504 3634 628 3682 iturum
646 3648 702 3695 apg.
726 3628 738 3696 Η
762 3630 839 3681 calce
859 3631 1009 3680 inducatur
1029 3646 1077 3694 pg:
1103 3630 1207 3679 calcem
1230 3631 1348 3679 ducatur
1369 3649 1392 3680 a.
1415 3629 1428 3696 Η
1451 3632 1466 3678 6
1489 3631 1531 3679 ni-

389 3757 448 3800 tore
466 3751 584 3816 gratiam
603 3766 663 3814 ego:
681 3751 798 3800 nitorem
818 3750 893 3812 1-τέ
908 3745 942 3814 p)
960 3751 1038 3814 gram
1053 3767 1072 3814 p
1090 3756 1115 3798 et
1128 3756 1187 3799 ante
1199 3766 1267 3800 corr.
1284 3718 1467 3814 g(gran1⁰g0,
1487 3751 1530 3814 qai

384 3838 450 3899 sort.
462 3839 538 3887 voluit
551 3834 658 3901 grano),
678 3851 791 3899 gramen
808 3853 822 3884 a
841 3832 895 3899 (qai
907 3850 953 3884 cm.
973 3835 1091 3883 nitorem
1106 3836 1156 3883 air:
1176 3833 1242 3883 src&
1256 3831 1263 3896 Ι
1276 3833 1410 3898 gramen).
1428 3831 1440 3898 Η
1457 3837 1528 3883 'lur-

387 3922 486 3970 banius
504 3937 543 3985 ag,
561 3921 681 3969 urbanus
698 3937 716 3982 p
734 3919 859 3981 (urbanis
877 3917 940 3982 ed).
962 3913 976 3983 Η
997 3918 1148 3967 fasciculus
1164 3936 1187 3968 a.
1207 3915 1220 3984 Η
1243 3919 1423 3981 8arquatiles
1441 3935 1498 3984 apg.
1513 3916 1527 3983 Η

387 4007 513 4054 {luteres
530 4020 586 4068 apg.
609 4000 621 4069 Η
644 4005 675 4052 10
693 4004 823 4066 grossiori
843 4000 919 4067 (lag)
938 4002 1043 4051 fuerint
1059 4019 1109 4067 apg
1133 4001 1211 4066 (corr.
1230 4002 1293 4064 ed).
1316 4000 1328 4068 Η
1357 4005 1388 4051 12
1407 4019 1440 4051 ex
1465 4019 1526 4067 spe-

387 4088 456 4138 culis
469 4103 527 4152 ego:
547 4087 733 4152 exhispeculis
744 4102 794 4150 apg
806 4085 835 4150 (i.
848 4103 869 4136 e.
883 4102 916 4134 ex
928 4086 1222 4150 speculandarum
1235 4088 1295 4136 add.
1304 4098 1342 4151 gc,
1354 4095 1381 4136 ut
1392 4092 1426 4136 sit
1438 4104 1472 4136 ex
1484 4088 1526 4136 his

386 4172 623 4237 speculis=ed.).
649 4169 661 4238 Η
683 4171 807 4221 debimus
824 4189 846 4226 υ,
870 4168 882 4236 Η
905 4171 1007 4220 lamine
1024 4187 1081 4236 apg.
1106 4168 1118 4237 Η
1146 4175 1178 4222 13
1195 4172 1284 4221 falsas
1302 4170 1325 4220 dr
1342 4171 1480 4222 deformes
1496 4189 1527 4234 g:

388 4257 462 4306 salsa
481 4257 505 4323 (Η
514 4264 545 4321 p)
564 4256 612 4306 sed
631 4257 767 4305 deformes
785 4273 827 4320 ap.
851 4251 862 4321 Η
887 4257 918 4303 14
936 4254 1037 4319 laming
1060 4271 1140 4306 veras
1156 4272 1205 4321 pg:
1228 4255 1396 4304 lamneioras
1413 4274 1435 4305 a.
1459 4252 1471 4322 Η
1496 4258 1527 4305 15

386 4342 540 4391 trullizata:
558 4341 723 4404 &trullizata
740 4357 797 4406 apg.
819 4337 831 4406 Η
856 4341 888 4388 16
906 4339 1083 4389 loricationes
1101 4343 1141 4390 ed.
1165 4337 1211 4404 (cs.
1230 4357 1311 4404 supra
1330 4344 1390 4398 302,
1409 4340 1466 4402 20):
1485 4340 1526 4389 lu-

386 4426 540 4476 dicationes
556 4442 613 4490 apg.
634 4423 646 4492 Η
669 4426 757 4475 tribus
775 4441 820 4474 om.
840 4422 886 4487 (cu
902 4422 907 4487 Ι
923 4423 1017 4487 coriis)
1035 4443 1058 4474 a.
1075 4421 1087 4490 Η
1105 4427 1134 4474 17
1153 4424 1335 4474 deformatum
1349 4423 1457 4488 (Viri-‚p
1479 4424 1526 4473 de·
1580 4479 1582 4482 ¹

386 4516 512 4575 puratum
539 4526 595 4575 apg.
624 4506 636 4575 Η
664 4525 798 4558 marmore
825 4511 921 4573 granio
949 4509 1155 4559 trullizationes
1177 4525 1235 4572 apg.
1260 4506 1273 4573 Η
1301 4511 1332 4558 19
1354 4514 1386 4557 ut
1408 4513 1526 4558 rutrum:

385 4599 519 4644 utrotrum
537 4614 569 4659 ap
587 4603 689 4644 etaate
707 4595 942 4659 magistrorum
960 4592 1011 4658 gc).
1034 4589 1046 4658 Η
1068 4596 1101 4643 23
1119 4592 1288 4642 obsoliscunt
1309 4609 1350 4657 ap.
1374 4589 1386 4658 Η
1409 4609 1471 4658 neq:
1491 4595 1526 4643 cri

386 4689 528 4781 purgaturi
547 4714 593 4778 (sic
610 4730 663 4762 cam
680 4715 734 4763 vitii
750 4711 833 4778 signo)
850 4728 875 4777 g,
894 4726 958 4778 neq,
976 4713 1122 4777 repurgari
1139 4729 1166 4777 p,
1185 4710 1326 4776 neqndrnm
1344 4712 1458 4783 purgari
1475 4728 1498 4763 a.
