3784 5625
392 653 452 744 1⁸46
878 693 1037 740 vrrnuvn

389 856 601 933 comparatae,
625 845 712 931 quod
734 846 769 908 in
791 845 941 910 domibus
965 868 1075 909 eorum
1098 847 1227 931 saepius
1252 855 1283 909 et
1304 845 1437 932 publica
1460 867 1533 911 con-

388 950 461 1013 silia
490 958 522 1012 et
539 950 674 1033 >privata
695 948 818 1011 iudicia
839 947 1038 1033 arbitriaque
1061 946 1286 1011 conficiuntur.
1332 970 1410 1033 ergo
1433 949 1461 1012 si
1482 950 1566 1012 11163

387 1051 567 1114 rationibus
601 1049 645 1112 ad
678 1048 884 1133 singulorum*
910 1070 1067 1133 generum
1100 1070 1272 1135 personas,
1306 1050 1356 1112 uti
1388 1051 1423 1112 in
1450 1049 1534 1113 libro

387 1153 491 1238 primo
520 1150 561 1213 de
590 1148 705 1214 decore
733 1160 782 1213 est
805 1151 978 1236 scriptum,
1007 1151 1054 1213 ita
1076 1148 1235 1235 disposita
1258 1159 1352 1214 erunt
1374 1150 1533 1234 aedificia,

353 1268 452 1316 onon
478 1253 540 1315 erit
563 1250 650 1337 quod
670 1251 937 1337 reprehendatur.
981 1249 1148 1315 habebunt
1176 1252 1263 1314 enim
1284 1250 1326 1313 ad
1349 1273 1460 1317 omnes
1483 1274 1533 1315 res

387 1352 572 1418 commodas
600 1362 632 1416 et
660 1353 846 1416 emendatas
870 1350 1119 1438 explicationes,
1164 1374 1273 1415 earum
1297 1363 1406 1417 autem
1428 1375 1533 1416 rerum

385 1478 450 1519 non
484 1455 588 1518 solum
621 1463 714 1518 crunt
742 1454 776 1516 in
804 1454 884 1517 urbe
910 1452 1131 1542 aedificiorum
1159 1454 1301 1518 rationes
1308 1503 1317 1536 ,
1346 1455 1405 1518 sed
1436 1456 1532 1518 etiam

386 1557 468 1638 ruri,
497 1538 725 1642 praeterquam
752 1555 838 1641 quod
866 1556 900 1617 in
923 1553 1003 1618 urbe
1024 1556 1108 1617 atria
1129 1556 1279 1642 proxima
1300 1557 1408 1619 ianuis
1431 1555 1533 1620 solent

388 1679 474 1738 csse,
508 1658 576 1720 ruri
611 1665 720 1719 autem
752 1655 1010 1743 pseudourbanis
1044 1657 1155 1719 statim
1189 1656 1378 1743 peristylia,
1415 1656 1532 1719 deinde

338 1774 369 1820 10
387 1768 465 1823 tune
494 1759 577 1821 atria
598 1757 753 1822 habentia
776 1758 897 1821 circum
919 1759 1063 1843 porticus
1086 1760 1325 1844 pavimentatas
1348 1768 1531 1845 spectantes

387 1859 430 1923 ad
452 1859 631 1945 palaestras
656 1867 687 1923 et
709 1858 956 1923 ambulationes.

472 1960 590 2040 Quoad
623 1962 714 2045 potui
745 1960 885 2023 urbanas
918 1961 1062 2025 rationes
1089 1960 1312 2025 aedificiorum
1347 1962 1531 2026 summatim

331 2075 369 2123 IX
386 2062 606 2147 perscribere,
634 2062 803 2148 proposui,
833 2084 918 2125 nunc
941 2062 1134 2127 rusticorum
1158 2062 1386 2150 expeditiones
1410 2073 1446 2127 ut
1468 2064 1532 2127 sint

386 2164 429 2225 ad
458 2186 553 2226 usum
577 2163 745 2227 commoda
773 2162 956 2249 quibusque
983 2163 1167 2227 rationibus
1195 2162 1364 2228 conlocare
1386 2172 1531 2249 oporteat

335 2280 367 2328 15
386 2286 423 2327 ca
444 2263 561 2328 dicam.

470 2366 616 2430 Primum
650 2366 691 2429 de
725 2365 972 2430 salubritatibus
979 2416 988 2448 ‚
1021 2368 1070 2429 uti
1103 2368 1137 2429 in
1164 2366 1268 2453 primo
1295 2364 1463 2430 volumine
1491 2365 1530 2428 de
1546 2382 1594 2446 (Vl)

383 2469 553 2532 moenibus
583 2466 790 2531 conlocandis
819 2468 977 2553 scriptum
1005 2476 1054 2531 661
1061 2516 1069 2549 ,
1099 2468 1247 2552 regiones
1275 2468 1479 2552 aspiciantur
1499 2477 1530 2531 et

384 2571 431 2633 ita
453 2569 552 2633 villae
575 2567 793 2633 conlocentur.
842 2568 1086 2653 magnitudines
1110 2590 1219 2632 earum
1241 2567 1284 2630 ad
1304 2569 1440 2633 'modum
1461 2570 1530 2653 agri

386 2672 561 2756 copiasque
594 2669 756 2734 fructuum
791 2679 1027 2756 comparentur.
1087 2680 1192 2735 cortes
1225 2670 1530 2757 magnitudinesque

336 2788 369 2836 20
388 2793 498 2835 earum
531 2770 574 2834 ad
607 2792 759 2857 pecorum
790 2793 961 2841 numerum
988 2780 1086 2857 atquc
1114 2780 1192 2859 quot
1219 2773 1297 2856 iuga
1324 2770 1424 2836 boum
1453 2796 1528 2860 opus

387 2872 488 2935 fuerit
515 2872 563 2935 ibi
587 2875 728 2954 versari,
758 2875 804 2936 ita
826 2873 990 2938 finiantur.
1034 2875 1070 2942 tn
1092 2883 1180 2938 corte
1203 2872 1311 2937 culina
1334 2896 1432 2959 quam
1455 2873 1527 2941 cali-

387 2974 522 3038 dissimo
555 2971 625 3037 loco
661 2973 865 3058 designetur,
900 2977 1073 3039 coniuncta
1105 2984 1213 3040 autem
1245 2975 1367 3038 habeat
1379 2975 1526 3056 bubilia,

387 3098 521 3162 quorum
550 3076 720 3162 praesepia
746 3076 788 3138 ad
816 3075 923 3140 focum
952 3087 984 3140 et
1011 3079 1145 3141 orientis
1169 3075 1257 3140 caeli
1272 3077 1439 3160 regionem
1460 3099 1527 3164 spe·

387 3186 490 3260 etent,
531 3176 605 3241 ideo
640 3177 727 3262 quod
763 3177 863 3242 boves
898 3177 1007 3242 lumen
1041 3189 1071 3242 61
1104 3180 1215 3263 ignem
1247 3179 1426 3264 spectando
1458 3179 1527 3242 hor·

323 3281 368 3340 '25
386 3278 450 3341 ridi
472 3285 538 3342 non
571 3278 662 3342 fiunt.
712 3280 792 3341 item
813 3278 978 3364 agricolae
1000 3281 1169 3364 regionum
1195 3280 1293 3366 periti
1322 3303 1388 3345 non
1415 3288 1527 3368 putant

386 3387 535 3465 oportere
556 3378 654 3443 aliam
675 3381 841 3463 regionem
864 3380 945 3443 caeli
968 3380 1069 3445 boves
1093 3390 1241 3467 spectare
1262 3382 1328 3444 nisi
1351 3392 1459 3445 ortum
1480 3403 1526 3446 66-

386 3477 437 3542 116.
471 3479 632 3561 bubilium
653 3489 760 3544 autem
783 3481 903 3546 debent
926 3504 997 3546 esse
1018 3481 1208 3547 latitudines
1231 3504 1290 3545 nec
1312 3484 1455 3547 minores
1477 3500 1553 3569 pera

387 3579 464 3644 dum
493 3580 611 3643 denum
638 3603 699 3645 nec
726 3584 863 3647 maiores
887 3585 1102 3669 quindenum,
1130 3583 1301 3668 longitudo
1328 3586 1380 3648 uti
1401 3584 1527 3670 singula

385 3683 463 3766 iuga
485 3705 525 3745 ne
547 3683 654 3747 minus
677 3695 833 3771 occupent
855 3685 955 3771 pedes
978 3696 1140 3773 septenos.
1173 3679 1340 3750 balnearia
1355 3687 1435 3750 item
1456 3708 1524 3750 con·

453 3891 468 3936 2
488 3887 670 3939 conficiuntur
683 3887 766 3953 (-t⁹)
780 3891 809 3939 H
821 3890 891 3952 (-12
911 3890 960 3955 16);
980 3892 1129 3943 conficiunt
1140 3893 1161 3942 G
1171 3890 1227 3958 (t).
1244 3889 1256 3956 (Ι
1272 3893 1393 3942 96616111
1405 3890 1469 3956 (scil.
1482 3890 1525 3955 au)

386 3971 618 4037 Mitller-Stritbinp
632 3971 707 4035 (vero
725 3973 806 4036 Joc.):
827 3975 862 4024 ab
878 3977 928 4025 GH
940 3975 985 4038 (16,
1006 3993 1023 4026 a
1035 3976 1079 4042 L).
1097 3974 1109 4042 Ι(
1127 3979 1158 4027 10
1169 3977 1375 4042 pavimentatas
1391 3978 1463 4029 «loct
1481 3992 1526 4041 pa-

384 4058 508 4108 vimenta
528 4057 586 4107 GH.
603 4054 615 4122 ΙΙ
633 4061 662 4106 11
683 4057 891 4111 ambulationes.
914 4059 990 4110 UIII.
1016 4062 1076 4123 Quo
1096 4060 1220 4126 adpotui:
1244 4063 1282 4110 616
1301 4061 1323 4110 G
1341 4059 1407 4123 (cum
1424 4062 1527 4126 capitul!

385 4158 486 4192 numero
496 4150 597 4191 servato
608 4148 635 4191 61
645 4159 671 4206 p.
682 4146 724 4200 29,
737 4146 772 4192 24
784 4150 809 4192 et
821 4146 847 4192 ia
860 4148 944 4208 prima
955 4152 1032 4208 parte
1044 4148 1060 4194 1,
1071 4143 1107 4209 Ι),
1125 4143 1137 4213 (Ι
1155 4149 1186 4196 13
1199 4146 1371 4210 perscribere
1384 4145 1525 4212 proposui:

383 4227 421 4274 sic
441 4227 499 4276 GH.
526 4223 539 4292 Ι(
567 4227 755 4291 expeditiones
774 4229 855 4280 Ptin:
880 4246 978 4278 -num
999 4230 1056 4279 GH.
1081 4227 1093 4295 Ι(
1117 4229 1303 4279 1466666616
1326 4229 1418 4280 Soka:
1441 4222 1525 4279 1--1166

386 4308 465 4372 (—de
486 4311 517 4374 G)
539 4311 596 4360 GH.
619 4307 631 4376 ΙΙ
655 4313 686 4361 15
706 4327 740 4361 ea
758 4311 847 4364 Selom:
868 4327 915 4362 eas
936 4314 995 4362 GH.
1019 4309 1032 4378 (Ι
1055 4315 1086 4363 18
1101 4313 1238 4363 admalum
1253 4321 1314 4364 6616
1331 4330 1387 4366 ras.
1407 4316 1437 4365 G.
1460 4311 1473 4381 [Ι
1496 4315 1526 4363 19

384 4393 503 4443 11661616
523 4395 552 4444 G.
577 4391 588 4459 Ι(
612 4395 722 4446 61161166
742 4396 800 4448 GH.
824 4393 835 4462 (Ι
859 4399 892 4447 20
911 4402 975 4461 quot
993 4400 1029 4447 L:
1050 4399 1120 4462 quod
1140 4399 1191 4449 GH
1208 4397 1262 4462 (16).
1282 4394 1295 4464 l]
1318 4399 1526 4449 struentem:

385 4479 489 4527 fuerint
509 4479 566 4530 GH.
590 4474 602 4544 Ι(
626 4479 720 4530 chorte
741 4482 799 4531 GH.
820 4478 832 4546 Ι(
853 4484 885 4530 22
904 4483 1065 4546 designetur
1089 4484 1123 4532 G:
1147 4481 1307 4548 desilnetui·
1328 4483 1358 4530 H
1376 4482 1526 4546 (desinetur

385 4561 453 4626 Llc).
469 4559 483 4627 (1
498 4565 531 4612 25
543 4562 611 4610 fiunt
623 4565 652 4612 H
664 4560 746 4629 (Llc):
765 4564 834 4616 fiant
849 4567 878 4616 G.
895 4562 907 4631 ss
925 4568 1007 4630 periti
1019 4569 1099 4622 Fuit:
1118 4568 1231 4631 inperiti
1244 4568 1301 4620 GH.
1319 4563 1332 4634 Ι(
1348 4571 1380 4619 27
1393 4567 1526 4619 buuilium

388 4645 438 4693 GH
456 4644 497 4707 (16,
517 4647 646 4695 -bilium
666 4647 744 4711 θοι).
769 4645 781 4714 (Ι
802 4651 834 4700 ‘28
852 4650 884 4700 V.
903 4651 1001 4699 denum
1015 4652 1066 4701 GH
1083 4650 1164 4717 (Llc).
1185 4648 1197 4718 Ι(
1217 4654 1250 4702 29
1267 4667 1320 4702 nec
1334 4652 1425 4704 minus
1441 4652 1524 4719 pedes

385 4735 521 4793 occupent
544 4735 673 4792 septenos
695 4732 770 4782 116161
793 4736 988 4784 additamentum
1011 4735 1057 4800 (ecc
1079 4735 1204 4800 Vitruvio)
1224 4739 1349 4802 epitomae
1366 4743 1392 4788 in
1412 4739 1441 4789 G.
