3784 5625
441 1687 503 1776 Ab
524 1735 584 1777 trito
605 1719 711 1777 coelice
726 1734 806 1777 rriertc
821 1720 979 1792 clepsertlito
997 1722 1132 1793 presedere
1146 1728 1259 1782 testum
1283 1739 1368 1797 queem
1384 1723 1525 1782 ltalernus

382 1821 482 1878 decern
513 1819 659 1879 librarum
688 1815 832 1878 Vitruvii
860 1815 901 1876 do
923 1815 1140 1881 architectura
1164 1858 1199 1866 —
1230 1825 1287 1884 leuc
1314 1827 1377 1884 solo
1406 1827 1525 1883 nominc

381 1921 543 1980 traclitarn:
565 1938 636 1980 ruerat
658 1922 790 1980 I’ollonis
811 1938 976 1995 copnarneu
998 1939 1039 1981 en
1054 1926 1166 1983 incerti
1179 1928 1312 1985 intraturis
1326 1926 1425 1984 libello
1448 1928 1524 1984 artis

381 2022 647 2100 architectonicae,
665 2025 810 2082 incertnrn
826 2039 885 2096 qua
900 2025 977 2096 iure)
995 2025 1190 2099 reddiderunt,
1205 2028 1408 2101 praenomina
1424 2032 1522 2085 utitem

381 2126 468 2182 traria
490 2141 530 2182 en·
551 2127 683 2199 ipsorum
706 2126 880 2183 corniectnra
898 2127 1058 2196 annuerunt
1070 2126 1147 2186 Itali
1166 2144 1245 2187 saec.
1262 2129 1328 2187 Xl'
1350 2161 1404 2201 —‚
1429 2130 1463 2187 ul
1483 2145 1523 2187 ex

380 2226 519 2285 coelicum
540 2227 696 2285 erroribus
717 2228 893 2298 lacunisque
921 2228 1051 2286 oninium
1078 2230 1282 2289 cornmunilnts
1304 2231 1416 2289 aridum
1439 2231 1523 2287 intel·

380 2329 521 2387 lecerunt
537 2329 667 2387 editores
696 2324 739 2404 (l.
765 2329 798 2385 G.
822 2327 990 2386 Schneider
1019 2331 1049 2387 in
1072 2329 1179 2402 praes.
1203 2331 1249 2387 etl.
1279 2331 1361 2404 lips.
1394 2336 1469 2386 1807
1487 2347 1520 2403 p.

381 2423 481 2506 XII),
509 2429 587 2488 idem
615 2430 667 2502 qui
694 2429 781 2487 unius
804 2427 880 2499 solii
910 2431 1022 2502 intepri
1047 2432 1078 2488 in
1101 2431 1266 2505 archetypo
1294 2431 1522 2490 translationem

380 2545 455 2590 ausu
482 2529 612 2603 nicotiana
638 2528 760 2600 sectant
789 2530 952 2603 intellexit,
987 2532 1137 2590 luculento
1168 2533 1306 2605 exemplo
1334 2533 1522 2602 confirmauit

382 2633 509 2691 Carolus
524 2632 693 2690 Lerentzen
717 2625 853 2710 (ons-eru.
877 2632 945 2689 crit.
971 2632 1013 2689 atl
1040 2633 1156 2692 Vitrun'.
1183 2633 1297 2691 Gotltae
1322 2638 1397 2690 tsos
1415 2649 1448 2707 p.
1476 2639 1520 2691 ta.

380 2732 423 2803 cf.
440 2730 528 2803 infra
543 2738 602 2792 ruat.
620 2733 663 2790 uel
670 2750 705 2807 p.
724 2739 790 2806 175,
810 2738 848 2789 22
861 2740 935 2808 etp.
954 2736 1000 2809 92,
1016 2730 1077 2814 tu).
1111 2735 1166 2792 sed
1186 2733 1242 2793 ltac
1257 2750 1364 2794 nostran
1387 2739 1431 2792 est
1452 2741 1481 2793 et
1502 2751 1522 2792 a

380 2852 426 2894 me
446 2841 598 2910 repertum
621 2840 764 2909 quotquot
789 2852 870 2895 nune
897 2841 1006 2894 entant
1035 2836 1162 2896 Vitruuii
1188 2838 1380 2911 exemplaria
1407 2838 1438 2895 in
1462 2836 1522 2895 dito

378 2953 495 3011 penora
517 2938 675 3011 dispertita
703 2953 723 2994 a
746 2937 862 2997 duobus
888 2942 1004 2996 tarrturn
1032 2939 1120 2996 recolo
1142 2938 1295 2997 codicibus
1323 2939 1412 2996 etiarn
1440 2955 1522 2997 nnnc

379 3039 508 3097 seruatis
524 3038 671 3112 prosecta
686 3054 758 3110 esse,
783 3038 859 3097 duos
880 3040 974 3111 ipitur
988 3038 1042 3097 ltos
1063 3041 1142 3098 solos
1163 3041 1248 3113 sequi
1261 3039 1368 3098 ulchere
1390 3056 1455 3098 eunt
1471 3040 1523 3113 quil

379 3140 502 3197 molesta
520 3141 661 3213 priorum
683 3140 828 3198 etlitoruru
851 3146 879 3198 et
901 3140 1036 3199 alsurtla
1055 3139 1224 3213 sarrape'ne
1245 3140 1363 3199 abiecta
1382 3142 1522 3200 lectiones

388 3239 582 3299 Vitruviaaas
602 3256 818 3314 recopnoscere
843 3246 872 3298 et
899 3241 1067 3314 relicuaque
1090 3247 1221 3314 peccata
1249 3243 1419 3301 inueterata
1440 3258 1521 3315 spem

379 3341 546 3399 sanationis
562 3340 696 3414 fallunt,
727 3342 801 3416 quid
827 3358 895 3401 aere
922 3343 1068 3401 traditura
1090 3344 1130 3401 sit
1157 3342 1190 3401 id
1214 3349 1257 3402 est
1282 3342 1357 3416 quial
1377 3360 1396 3401 a
1413 3344 1522 3417 printis

380 3442 500 3501 testibus
520 3444 663 3517 scripturn
687 3444 754 3502 uelit
772 3441 963 3517 patefacere.

465 3543 580 3602 Harum
602 3544 749 3603 librorum
771 3562 811 3603 en
838 3561 896 3619 qno
913 3546 1050 3619 plurima
1078 3545 1209 3603 deaurata
1236 3551 1305 3603 sunt
1332 3546 1521 3617 exemplaria

380 3650 472 3719 estque
493 3646 607 3704 duelies
633 3647 769 3720 exceptis
794 3662 831 3703 ea
859 3648 959 3706 omnia
987 3662 1065 3719 quac
1092 3648 1138 3705 ael
1163 3652 1302 3719 serpente
1328 3647 1450 3704 saeculo
1472 3645 1524 3702 XI

381 3748 428 3805 uel
448 3746 620 3806 enucleetur·
638 3749 733 3806 initiis
754 3764 813 3807 nan
840 3750 900 3807 sint
921 3750 1109 3823 recentiora,
1137 3751 1181 3805 est
1206 3747 1240 3805 ΙΙ
1243 3748 1343 3805 orlei
1348 3762 1441 3806 anus
1462 3763 1521 3805 om-

380 3848 461 3907 ruitum
477 3848 708 3921 antiquissimus,
726 3850 835 3909 litteris
844 3848 952 3921 forma
967 3850 1085 3923 quidem
1097 3850 1271 3908 minusculis
1286 3854 1318 3906 at
1333 3849 1406 3906 satis
1425 3864 1520 3919 pran-

380 3948 469 4008 dibus
490 3964 551 4023 per
568 3946 650 4018 solia
679 3956 735 4007 1112
761 3952 893 4025 scriptus
918 3951 1040 4009 saecula
1067 3966 1154 4009 traua.
1200 3950 1249 4009 ltie
1276 3955 1320 4007 est
1346 3950 1445 4008 callen·
1472 3965 1520 4007 co-

379 4052 459 4109 rnitis
487 4048 665 4109 anuicusis
693 4066 712 4107 a
739 4051 850 4110 Poleno
872 4054 988 4125 passim
1017 4054 1142 4122 citatus,
1168 4066 1254 4124 quera
1270 4057 1431 4123 postquam
1452 4051 1521 4107 unit

379 4166 410 4211 a.
436 4156 513 4209 1124
534 4150 677 4210 Edwartl
702 4151 819 4227 IIarley
847 4152 973 4212 Italerti
998 4154 1078 4223 filius
1105 4152 1172 4209 earl
1199 4150 1238 4221 as
1263 4148 1399 4220 Onsorel,
1426 4151 1521 4223 paula

374 4262 447 4328 post
488 4246 574 4329 (teste
601 4253 713 4310 Polcno
748 4253 779 4309 in
812 4252 982 4312 Exercitat.
1023 4254 1136 4311 Vitrue.
1179 4251 1302 4308 Patauii
1328 4255 1401 4307 1739
1435 4252 1522 4309 etlitis

374 4370 411 4429 p.
436 4348 503 4429 131)
533 4354 565 4411 in
587 4352 701 4426 *triplis
723 4368 873 4428 praesens
899 4358 1096 4424 excerpserat
1117 4350 1219 4425 Scipio
1246 4350 1372 4426 Maffei:
1396 4349 1521 4422 frustra

380 4456 407 4513 13
428 4454 562 4527 quidem,
592 4470 662 4512 nuru
691 4455 734 4512 ad
759 4454 838 4512 llario
866 4469 958 4525 usque
987 4454 1115 4509 aetatem
1146 4453 1238 4511 nillilo
1265 4454 1362 4511 minus
1385 4450 1449 4523 snit
1475 4454 1520 4511 in-

380 4554 527 4626 aapnitus.
567 4560 707 4614 tenuerat
735 4556 802 4614 olim
823 4555 874 4628 qul
894 4570 950 4612 sua
972 4569 1064 4612 rnortu
1086 4568 1191 4611 ttamen
1214 4554 1366 4626 inscripsit
1394 4546 1519 4610 (lode-

380 4670 539 4712 ramnus
560 4652 791 4734 propositus
813 4656 926 4714 scilicet
944 4653 1052 4713 Sancti
1071 4654 1263 4714 Pantaleontis
1281 4654 1431 4725 Coloniae,
1449 4658 1521 4727 post

1301 4746 1319 4786 r

760 4894 989 5015 811531
