3784 5625
683 674 730 719 aa
753 673 1020 721 nnomracruns
1044 676 1112 721 1111.
1136 677 1182 721 vr.
1441 663 1501 727 145

358 834 491 911 proptor
514 824 654 915 calorem
677 824 819 889 efficitur
839 838 1000 910 aestuosa,
1024 850 1061 891 co
1084 827 1170 913 quod
1194 836 1243 892 est
1257 849 1374 891 aversa
1388 851 1408 891 a
1424 829 1501 893 solis

358 948 455 990 cursu
482 947 609 1012 semper
641 927 836 1011 refrigerata
864 937 896 991 et
925 927 1150 992 salubritatem
1179 939 1211 992 et
1237 928 1437 1016 voluptatem
1467 934 1501 994 in

358 1053 420 1093 usu
442 1037 596 1115 praestat.
641 1050 706 1091 non
729 1029 834 1093 minus
862 1029 1093 1115 pinacothecae
1121 1040 1153 1093 et
1175 1030 1408 1117 plumariorum
1430 1042 1501 1095 tex-

357 1132 444 1194 trina
459 1132 684 1216 pictorumque
699 1129 859 1211 officinae,
882 1132 931 1194 uti
946 1129 1070 1194 colores
1087 1151 1196 1195 corum
1210 1134 1246 1195 in
1260 1155 1356 1220 opere
1370 1147 1503 1221 propter

359 1233 573 1296 constantiam
595 1230 726 1294 luminis
749 1233 907 1296 inmutata
930 1241 1139 1318 permaneant
1161 1233 1327 1319 qualitate.
1520 1251 1536 1297 5

311 1340 353 1405 [Vl
446 1333 529 1398 Cum
560 1332 602 1395 ad
636 1334 786 1417 regiones
819 1332 900 1395 caeli
928 1334 986 1395 ita'
1003 1356 1040 1396 ea
1067 1333 1190 1398 fuerint
1218 1334 1391 1422 disposita,
1425 1347 1502 1401 tunc
1520 1350 1588 1402 VIII

359 1437 458 1499 etiam
485 1434 811 1498 animadvertendum
839 1442 888 1497 est
910 1434 1028 1519 quibus
1050 1436 1231 1499 rationibus
1254 1438 1391 1523 privatis
1414 1439 1501 1503 aedi-

359 1537 442 1600 ficiis
480 1537 611 1623 propria
648 1534 720 1600 loca
751 1534 899 1622 patribus
932 1536 1129 1600 familiarum
1162 1547 1194 1601 et
1231 1539 1502 1624 quemadmodum

359 1640 542 1702 communia
564 1660 636 1701 cum
659 1638 822 1700 extraneis
844 1637 1012 1701 aedificari
1034 1637 1184 1727 debeant.
1227 1662 1366 1727 namque
1388 1662 1430 1704 ex
1451 1643 1503 1707 his

361 1762 459 1826 quae.
476 1741 609 1826 propria
642 1748 733 1822 sunt,
767 1741 802 1803 in
834 1760 871 1802 ea
896 1761 963 1803 non
991 1748 1046 1826 est!
1067 1749 1211 1826 potestas
1240 1743 1389 1807 omnibus
1419 1726 1503 1807 intro
1522 1759 1554 1807 10

360 1840 458 1905 eundi
490 1841 556 1904 nisi
584 1842 750 1923 invitatis,
785 1840 1057 1926 quemadmodum
1084 1852 1160 1905 sunt
1187 1842 1335 1907 cubicula
1362 1844 1504 1908 triclinia

359 1942 508 2008 balineae
530 1951 700 2027 ceteraque
723 1964 805 2028 quae
828 1943 958 2006 easdem
980 1943 1103 2007 habent
1123 1967 1200 2006 usus
1223 1946 1375 2010 rationes.
1418 1968 1503 2010 com-

359 2045 469 2108 munia
496 2052 605 2108 autem
627 2054 702 2107 sunt
724 2043 841 2129 quibus
864 2045 962 2107 etiam
984 2046 1129 2109 invocati
1150 2068 1207 2109 suo
1230 2048 1301 2109 iure
1323 2046 1364 2109 de
1385 2047 1504 2134 populo

359 2154 495 2232 possunt
511 2146 634 2227 venire,
657 2144 692 2207 id
709 2153 757 2208 cst
773 2145 937 2210 vestibula
960 2169 1041 2209 cava
1062 2147 1192 2211 aedium
1214 2147 1387 2233 peristylia
1408 2171 1503 2233 quae-

360 2271 421 2333 que
449 2246 588 2311 eundem
616 2245 736 2309 habere
762 2257 898 2332 possunt
925 2271 1030 2311 usum.
1080 2249 1181 2331 igitur
1209 2249 1236 2311 is
1266 2251 1320 2333 qui
1336 2251 1505 2333 communi
1523 2266 1554 2314 15

361 2358 436 2414 sunt
458 2348 599 2429 fortuna,
622 2370 687 2412 non
708 2350 893 2412 necessaria
914 2348 1089 2433 magnifica
1111 2346 1276 2411 vestibula
1297 2371 1357 2413 nec
1379 2349 1504 2413 tablina

360 2472 466 2538 neque
481 2450 575 2531 atria,
599 2449 685 2535 quod
700 2451 805 2535 magis
821 2449 896 2513 aliis
912 2448 1023 2513 officia
1034 2457 1201 2537 praestant
1215 2449 1391 2514 ambiundo
1408 2473 1503 2536 quam

328 2558 342 2604 2
359 2553 402 2616 ab
416 2551 490 2615 aliis
505 2549 702 2614 ambiuntur.
747 2552 803 2636 qui
823 2560 931 2613 autem
953 2550 1114 2615 fructibus
1135 2552 1267 2615 rusticis
1289 2552 1447 2634 serviunt,
1470 2554 1505 2615 in

361 2676 473 2718 eorum
487 2651 659 2716 vestibulis
676 2651 805 2716 stabula
826 2652 993 2735 tabernac,
1017 2654 1052 2716 in
1072 2651 1209 2716 aedibus
1232 2662 1368 2740 cryptae
1390 2653 1505 2717 horrea

359 2754 538 2843 apothecae
564 2763 735 2840 ceteraque
761 2775 843 2840 quae
869 2752 912 2816 ad
934 2755 1058 2819 fructus
1080 2755 1258 2820 servandos
1280 2756 1385 2841 magis
1408 2779 1505 2842 quam
1522 2773 1555 2823 20

360 2859 403 2921 ad
417 2857 606 2945 ¹elegantiae
622 2855 771 2920 decorem
793 2867 930 2943 possunt
953 2879 1034 2939 esse,
1056 2858 1103 2921 ita
1125 2867 1200 2920 sunt
1222 2857 1382 2920 facienda.
1406 2869 1408 2873 “
1426 2861 1503 2922 item

362 2957 602 3022 feneratoribus
631 2966 663 3020 et
684 2956 867 3042 publicanis
891 2959 1109 3023 commodiora
1137 2968 1169 3022 et
1191 2959 1388 3045 speciosiora
1409 2967 1441 3022 et
1463 2960 1505 3024 ab

361 3058 491 3124 insidiis
506 3068 594 3139 tuta,
618 3057 801 3123 forensibus
816 3067 925 3122 autem
949 3069 981 3123 et
1003 3060 1136 3124 disertis
1160 3059 1357 3143 elegantiora
1378 3068 1410 3122 et
1433 3082 1506 3145 spa-

361 3162 496 3226 tiosiora
518 3160 560 3224 ad
584 3169 762 3224 conventus
786 3160 1017 3246 excipiundos,
1040 3160 1205 3225 nobilibus
1228 3182 1307 3225 vero
1330 3161 1385 3246 qui
1406 3160 1505 3223 hono-

362 3285 413 3327 res
435 3264 710 3347 magistratusque
732 3262 879 3346 gerundo
901 3271 1066 3348 praestare
1089 3261 1210 3326 debent
1232 3261 1341 3326 officia
1363 3260 1504 3344 civibus,
1523 3272 1562 3330 25'

362 3364 519 3428 faciunda
546 3373 621 3448 sunt
648 3362 813 3427 vestibula
834 3361 957 3448 regalia
978 3361 1059 3444 alta,
1087 3363 1170 3426 atria
1192 3373 1224 3427 et
1246 3361 1416 3450 peristylia
1438 3384 1504 3424 am-

362 3465 526 3553 plissima,
555 3463 658 3528 silvae
685 3463 985 3550 ambulationesque
1007 3462 1147 3527 laxiores
1170 3465 1213 3527 ad
1235 3464 1384 3528 decorem
1401 3464 1504 3526 maic-

363 3568 456 3631 statis
472 3565 647 3653 perfectae,
670 3575 836 3651 praetcrea
856 3565 1075 3632 bibliothecae
1097 3557 1505 3652 pinacothecae'basilicae

363 3691 427 3735 non
456 3665 609 3732 dissimili
636 3667 732 3731 modo
760 3690 856 3753 quam
869 3726 871 3731 ,
885 3666 1089 3754 publicorum
1110 3688 1241 3752 operum
1265 3665 1507 3750 magnificentia

432 3859 588 3924 lefficitur
600 3875 729 3922 aestuosa
742 3873 832 3924 Sclm:
852 3873 1012 3923 efficiuntur
1031 3877 1174 3922 aestuosae
1189 3871 1247 3921 GH.
1270 3868 1282 3936 Η
1306 3886 1338 3920 eo
1356 3873 1396 3923 ed.
1416 3867 1506 3933 (ree.):

365 3975 398 4009 ea
418 3959 478 4012 GH.
500 3953 513 4024 ll
535 3961 551 4008 3
569 3957 690 4007 textrina
709 3958 746 4008 L:
769 3959 876 4008 extrina
900 3959 951 4007 GH
973 3957 1028 4022 (Ic).
1051 3953 1063 4022 ΙΙ
1091 3959 1107 4007 5
1126 3956 1284 4005 constantia
1306 3955 1334 4002 H
1356 3954 1382 4015 (c
1400 3960 1424 4002 et
1446 3959 1505 4000 aute

365 4058 434 4095 corr.
456 4041 495 4106 11).
522 4037 535 4106 ss
563 4043 594 4090 12
617 4041 736 4091 balneae
762 4043 819 4092 GH.
843 4040 855 4107 ΙΙ
879 4044 910 4091 15
932 4043 971 4090 is:
999 4042 1041 4090 his
1066 4042 1123 4091 GH.
1151 4037 1163 4104 ΙΙ
1194 4042 1223 4088 16
1246 4039 1425 4088 noncessaria
1447 4044 1506 4085 arete

365 4143 434 4178 corr.
455 4126 486 4176 G.
508 4121 521 4192 ll
543 4125 669 4176 tabulina
693 4126 751 4176 GH.
780 4122 791 4190 ΙΙ
821 4129 851 4175 17
870 4116 1041 4190 magis'aliis
1065 4124 1179 4188 (maliis)
1202 4140 1248 4187 eqo
1271 4121 1382 4185 lactus:
1412 4121 1506 4170 inaliis

367 4212 425 4264 GH.
449 4205 463 4276 ΙΙ
487 4224 569 4274 quam
588 4209 677 4262 Sella:
697 4211 768 4274 quae·
788 4210 845 4262 GH.
869 4206 880 4275 ll
905 4212 936 4259 19
955 4210 1060 4273 criptae
1080 4207 1151 4271 (-te
1172 4205 1237 4270 GLI)
1252 4207 1302 4256 GH
1320 4205 1432 4270 (scripto
1451 4222 1464 4252 r
1482 4212 1507 4254 et

365 4303 424 4347 aare
447 4311 517 4346 corr.
535 4295 571 4360 t).
595 4291 608 4361 ΙΙ
630 4296 661 4343 21
686 4293 837 4362 eligantiae
858 4295 885 4342 H
904 4291 987 4356 (Llr):
1008 4292 1146 4358 elegentie
1167 4294 1188 4342 G
1211 4289 1281 4355 (sic).
1306 4287 1318 4354 ΙΙ
1341 4293 1373 4340 23
1397 4290 1507 4339 disertis

365 4381 396 4429 H
407 4377 478 4444 (tht
499 4379 617 4430 desertis
629 4386 688 4429 ante
706 4379 811 4429 carati
831 4377 966 4438 (dissertis
984 4377 1025 4433 LI,
1044 4392 1091 4428 om.
1103 4377 1134 4425 rt
1146 4392 1198 4424 cum
1210 4376 1293 4425 verbis
1311 4378 1339 4425 et
1357 4374 1391 4423 ab
1410 4375 1506 4427 ins.-

365 4462 554 4528 spatiosiora).
572 4459 583 4528 [l
599 4465 633 4512 24
645 4466 794 4513 conventos
815 4463 850 4514 H.
872 4457 884 4526 ll
908 4461 1087 4525 excipiundos
1107 4461 1157 4509 GH
1175 4459 1217 4520 (L,
1238 4457 1355 4523 —endoa
1373 4457 1414 4520 lc).
1438 4455 1450 4523 ll
1473 4459 1506 4506 25

366 4549 501 4614 gerundo:
526 4549 564 4598 sic
588 4547 646 4597 GH.
668 4543 681 4613 ll
703 4548 736 4596 26
756 4544 900 4596 faciunda:
918 4546 957 4593 sic
977 4546 1034 4596 GH.
1051 4541 1063 4609 ΙΙ
1079 4545 1112 4594 28
1128 4544 1378 4595 bibliothecae...
1397 4557 1505 4606 compa-

366 4636 446 4683 ratae
464 4632 556 4687 Sota:
581 4629 794 4695 biblio(byblio-
812 4631 852 4692 H,
871 4629 984 4691 biblyo-
1001 4628 1133 4692 chthecas
1151 4617 1199 4680 ζ..
1223 4632 1390 4694 conparatas
1415 4629 1473 4679 GH.
1493 4624 1505 4692 {l

365 4716 570 4782 pinacothecae
590 4714 683 4780 (-cas
697 4716 739 4778 G):
760 4732 805 4766 om.
825 4717 854 4765 H
872 4713 952 4779 (Llc).

401 4815 517 4858 vrrauv.
536 4815 572 4850 aa
590 4814 705 4852 Iseum.
1267 4796 1305 4860 10
