3784 5625
384 639 447 705 256
879 653 1037 704 vmauvn

386 820 417 871 et
450 810 590 895 primmn
626 810 735 872 dicam
762 809 804 871 de
834 818 1002 895 tympano.
1056 808 1092 872 id
1118 818 1227 873 autem
1254 832 1319 873 non
1351 808 1420 872 alte
1447 807 1533 873 tollit

384 932 502 995 aquam
529 910 587 972 sed
622 909 775 974 exhaurit
809 909 1056 997 expeditissime
1089 907 1332 975 multitudinem
1365 933 1532 995 magnam.

277 1066 281 1075 .
384 1012 426 1074 ad
449 1022 579 1076 tornum
593 1022 649 1075 aut
665 1013 822 1075 circinum
845 1010 1025 1075 fabricatur
1039 1013 1123 1094 axis,
1148 1013 1311 1097 capitibus
1336 1012 1445 1075 lamna
1469 1010 1532 1074 fer-

384 1115 475 1196 ratis,
498 1113 622 1177 habens
645 1116 680 1177 in
702 1112 810 1177 medio
839 1116 925 1176 cirea
954 1135 989 1177 se
1017 1123 1208 1200 tympanum
1232 1136 1274 1177 ex
1300 1112 1424 1177 tabulis
1447 1115 1534 1178 inter

297 1279 300 1283 .
351 1231 419 1279 ose
443 1216 687 1299 coagmentatis.
732 1212 917 1299 conlocatur
944 1218 979 1278 in
1009 1214 1177 1301 stipitibus
1206 1214 1406 1279 habentibus
1435 1218 1472 1279 in
1499 1238 1533 1279 se

385 1317 445 1381 sub
468 1319 576 1404 capita
598 1316 671 1380 axis
694 1316 816 1380 ferreas
840 1316 975 1379 lamnas.
1005 1319 1131 1381 ineius
1155 1319 1302 1402 tympani
1326 1338 1409 1380 cavo
1432 1319 1532 1381 inter-

383 1429 547 1506 ponuntur
570 1429 642 1482 octo
666 1417 797 1481 tabulae
819 1427 1026 1481 transversae
1047 1428 1218 1502 tangentes
1246 1440 1343 1481 axem
1367 1427 1400 1481 et
1424 1430 1532 1482 extre-

384 1543 468 1582 mam
490 1521 638 1606 tympani
662 1520 936 1609 circumitionem,¹
955 1542 1036 1604 quae
1052 1519 1208 1585 dividunt
1221 1519 1372 1606 aequalia
1387 1523 1422 1583 in
1447 1530 1533 1607 tym-

383 1644 468 1708 pano
497 1622 612 1707 spatia.
663 1622 750 1683 circa
777 1620 917 1683 frontem
946 1623 1016 1684 eius
1043 1621 1189 1706 figuntur
1222 1620 1369 1704 tabulae,
1405 1620 1567 1685 relictis?

334 1737 365 1783 10
384 1721 636 1807 semipedalibus
659 1724 820 1807 aperturis
843 1721 885 1785 ad
908 1744 1026 1808 aquam
1048 1724 1134 1786 intra
1156 1722 1414 1809 concipiendam.
1454 1725 1535 1787 item

383 1824 561 1897 secundum
584 1846 680 1886 axem
696 1822 894 1887 columbaria
909 1823 992 1887 fiunt
1012 1834 1172 1887 excavata
1194 1827 1229 1888 in
1251 1823 1390 1909 singulis
1414 1828 1535 1911 spatiis

384 1948 426 1987 ex
454 1948 519 1987 una
546 1934 648 2011 parte.
693 1924 728 1987 id
755 1935 863 1989 autem
891 1948 964 1989 cum
993 1937 1042 1989 est
1069 1925 1180 1989 navali
1212 1927 1338 1990 ratione
1371 1928 1535 2011 picatum,

294 2097 296 2105 ¹
382 2026 568 2090 hominibus
598 2025 799 2090 calcantibus
828 2037 979 2091 versatur
1007 2036 1039 2090 et
1065 2026 1245 2091 hauriendo
1272 2049 1331 2116 per
1359 2038 1535 2114 aperturas

383 2150 466 2214 quac
494 2138 569 2192 sunt
597 2130 631 2191 in
659 2128 821 2192 frontibus
850 2130 1000 2215 tympani
1026 2128 1137 2192 reddit
1165 2150 1223 2214 per
1250 2128 1456 2193 columbaria
1485 2154 1535 2194 se-

333 2245 364 2292 m
383 2230 525 2293 cundum
552 2253 649 2294 axem
683 2231 853 2317 supposito
888 2229 979 2293 labro
1006 2228 1115 2313 ligneo
1147 2229 1288 2294 habente
1316 2253 1383 2295 una
1420 2254 1536 2295 secum

383 2335 589 2397 coniunctum
612 2331 768 2396 canalem.
813 2334 860 2396 ita
880 2331 984 2397 hortis
1007 2331 1049 2394 ad
1072 2331 1279 2415 inrigandum
1303 2331 1357 2394 vel
1385 2335 1432 2396 ad
1457 2333 1535 2398 sali-

381 2457 440 2497 nas
463 2434 506 2497 ad
528 2434 775 2519 temperandum
798 2434 974 2520 praebetur
989 2455 1092 2519 aquae
1107 2432 1292 2497 multitudo.
1329 2455 1404 2497 cum
1421 2447 1569 2500 autema

382 2536 478 2599 altius
503 2534 724 2600 extollendum
747 2535 820 2617 erit,
845 2536 958 2598 eadem
980 2536 1064 2598 ratio
1087 2535 1338 2600 commutabitur
1361 2538 1420 2599 sic.
1461 2548 1536 2602 rota

382 2639 437 2701 liet
465 2639 587 2701 circum
614 2659 710 2700 axem
740 2659 777 2699 ea
804 2636 1031 2721 magnitudine
1058 2648 1094 2700 ut
1127 2635 1170 2699 ad
1204 2635 1414 2700 altitudinem
1449 2661 1535 2724 quae

332 2756 365 2801 ao
383 2761 463 2825 opus
485 2738 586 2802 fuerit
609 2740 783 2803 convenire
806 2741 917 2826 possit.
970 2739 1091 2802 circum
1119 2747 1300 2801 extremum
1329 2738 1417 2803 latus
1441 2751 1535 2805 rotae

382 2841 525 2924 figentur
546 2840 680 2905 modioli
703 2836 854 2926 quadrati
876 2843 949 2926 pice
972 2852 1004 2905 et
1026 2863 1100 2904 cera
1115 2840 1258 2905 solidati.
1292 2844 1339 2905 ita
1362 2863 1438 2904 oum
1461 2854 1535 2907 rota

381 2965 401 3005 a
429 2942 630 3006 calcantibus
664 2943 864 3025 versabitur,
897 2942 1032 3007 modioli
1064 2943 1153 3029 pleni
1186 2942 1228 3005 ad
1258 2965 1423 3006 summum
1454 2944 1534 3009 elati

381 3067 492 3109 rursus
515 3044 558 3107 ad
581 3045 678 3107 imum
702 3054 904 3108 revertentes
932 3044 1108 3107 infundent
1129 3046 1164 3107 in
1191 3042 1360 3108 castellum
1381 3045 1451 3131 ipsi
1472 3068 1533 3134 per

381 3170 416 3211 se
444 3140 531 3233 quod
559 3145 746 3210 extulerint.
790 3148 841 3210 sin
868 3156 978 3210 autem
1005 3147 1110 3230 magis
1138 3146 1212 3209 altis
1241 3145 1320 3209 lucis
1350 3147 1413 3209 erit
1436 3163 1564 3234 prae-4

267 3303 268 3306 ,
330 3264 363 3312 at
381 3250 536 3331 bendum,
560 3251 594 3312 in
617 3249 763 3312 eiusdem
785 3258 875 3311 rotae
896 3269 960 3312 axe
974 3247 1123 3312 involuta
1145 3246 1268 3335 duplex
1283 3247 1391 3310 ferrea
1414 3260 1532 3312 catena

381 3353 587 3436 demissaque
609 3349 651 3413 ad
673 3353 774 3414 imum
796 3348 1025 3414 libramentum
1041 3348 1275 3430 conlocabitur‚
1298 3349 1425 3414 habens
1448 3352 1530 3416 situ-

448 3613 463 3659 2
482 3606 590 3674 magni)
600 3609 633 3658 ad
647 3611 728 3658 tonui
742 3609 771 3669 G,
784 3611 884 3673 magna
895 3650 900 3661 .
913 3609 948 3658 ad
960 3609 1083 3658 torni1H
1094 3607 1232 3672 (magnam
1246 3612 1295 3657 aut
1306 3613 1416 3658 tornum
1428 3609 1498 3676 Llc).
1515 3615 1526 3676 fl

381 3693 570 3744 3fabricatur
589 3694 672 3743 Mau:
696 3699 775 3743 —tus
800 3694 852 3742 GH
874 3693 943 3755 (axis
962 3696 1045 3757 suppl.
1064 3693 1124 3743 Joc.
1142 3695 1192 3742 sio:
1217 3692 1264 3740 Fit
1282 3692 1342 3742 axis
1361 3693 1399 3742 ad
1418 3700 1526 3745 tornum

448 3780 614 3837 fabricatus,
637 3780 685 3827 sed
702 3777 772 3830 Mar.
798 3777 857 3826 axis
880 3777 915 3826 ad
932 3781 1040 3826 tornum
1126 3777 1301 3838 fabricatur).
1325 3773 1338 3842 Η
1360 3777 1457 3829 lamna
1478 3780 1526 3829 GH

381 3863 425 3926 (L,
439 3863 569 3912 lammina
582 3861 624 3924 lc).
637 3859 649 3926 ll
660 3864 676 3910 4
686 3877 715 3911 se
728 3878 774 3912 om.
786 3862 807 3910 G
817 3861 905 3924 (eirca
915 3861 1069 3926 tympani).
1082 3857 1095 3927 ll
1107 3863 1122 3911 5
1136 3862 1296 3911 conlocatur
1305 3858 1378 3922 (-t⁹
1390 3864 1427 3921 H,
1442 3858 1520 3913 eollo-

380 3946 441 3997 σει2
464 3948 494 4011 G)
515 3949 557 3996 in:
575 3951 612 3996 εἰσ
631 3945 681 3994 GH
700 3946 741 4008 (lc,
757 3945 917 3995 conlocatus
935 3945 964 3992 in
977 3944 1020 4007 L).
1043 3941 1056 4011 [l
1078 3947 1094 3995 6
1113 3945 1208 4010 capita
1222 3945 1272 3994 GH
1285 3943 1328 4005 (L,
1342 3948 1438 4011 capite
1456 3948 1498 4011 lc).
1512 3960 1522 4009 ¹!

379 4033 525 4081 lamminas
545 4032 595 4080 GH
614 4029 693 4093 (Llc).
717 4027 729 4094 ll
752 4032 767 4080 8
787 4029 912 4079 dividunt
937 4029 987 4077 GH
1006 4028 1050 4091 (L,
1069 4029 1170 4078 —dant
1187 4028 1229 4093 lc).
1252 4025 1266 4095 Η
1280 4030 1407 4094 ¹aqualia
1422 4029 1427 4096 Ι
1441 4032 1472 4081 in
1490 4033 1522 4081 Gz

380 4117 491 4181 aequali
510 4117 538 4164 in
557 4116 585 4163 Il
599 4113 678 4177 (Llc).
697 4110 708 4179 ΙΙ
727 4116 756 4163 12
777 4115 880 4178 pictum
898 4113 942 4162 L⁶.
961 4109 972 4179 ll
989 4116 1020 4162 13
1033 4113 1186 4163 hauriendo
1202 4128 1220 4177 p
1239 4118 1385 4178 aperturas
1399 4121 1527 4181 ...tym-

377 4207 444 4267 pani
462 4202 550 4251 reddit
567 4200 590 4250 dn
609 4201 648 4262 (et
663 4201 693 4264 G)
716 4216 730 4263 p
745 4199 794 4248 GH
807 4198 890 4263 (trel,
908 4202 957 4250 sed
972 4201 1001 4250 lec
1013 4210 1072 4252 ante
1090 4203 1180 4251 reddit
1196 4203 1281 4266 suppl.
1293 4201 1416 4267 aquam),
1436 4204 1479 4253 ubi
1495 4211 1522 4252 et

379 4288 493 4351 (=aa'm
511 4285 580 4349 Joc.)
599 4287 649 4335 del.
668 4283 744 4334 Solen.
767 4280 779 4350 ll
803 4287 834 4333 15
852 4284 986 4334 habente:
1009 4288 1047 4335 εἰσ
1067 4287 1124 4336 GH.
1149 4283 1160 4352 ΙΙ
1184 4288 1215 4337 18
1234 4278 1449 4338 commutabitur
1467 4291 1521 4340 eda

379 4371 622 4423 communicabitur
642 4371 699 4420 GH.
722 4365 734 4435 ll
759 4371 789 4418 19
810 4369 945 4420 eaSclm.:
965 4370 1061 4419 eadem
1075 4371 1133 4422 GH.
1157 4367 1168 4436 ΙΙ
1191 4376 1222 4419 ut
1240 4369 1461 4437 altitudincpm.
1475 4371 1519 4437 ad)

379 4458 408 4509 G.
424 4453 436 4522 ll
454 4471 525 4521 quae
546 4455 609 4520 (qne
631 4454 675 4517 G):
694 4456 731 4503 ric
751 4454 801 4503 GH
821 4452 884 4516 (qua
895 4451 974 4516 loo).
991 4451 1003 4518 ΙΙ
1021 4457 1052 4504 22
1071 4455 1136 4505 elati
1149 4456 1193 4504 elz:
1211 4453 1287 4504 &lati
1304 4456 1334 4505 H
1347 4454 1391 4519 (h,
1409 4456 1480 4505 niati
1492 4457 1519 4520 ι),

378 4539 464 4589 adlati
483 4538 574 4601 (allati
595 4540 639 4601 G0)
660 4540 689 4589 G.
707 4534 719 4602 ΙΙ
739 4540 772 4587 24
792 4538 951 4588 extullerint
969 4541 998 4589 H
1017 4539 1049 4603 (c,
1068 4549 1095 4591 ut
1111 4541 1182 4604 infra
1199 4559 1221 4590 v.
1241 4544 1258 4589 4
1273 4557 1302 4604 p.
1321 4556 1375 4606 aeq.
1395 4542 1456 4598 Hic,
1475 4557 1519 4590 ex-

377 4624 490 4673 tulerint
509 4623 617 4688 centn:
643 4623 801 4675 extulerunt
820 4623 848 4674 G.
871 4619 883 4688 Η
906 4624 972 4675 altis
990 4626 1060 4676 Joc.:
1085 4625 1149 4675 aliis
1173 4625 1230 4675 GH.
1254 4620 1265 4691 ll
1288 4627 1322 4675 26
1343 4625 1472 4678 involuta
1492 4626 1521 4675 H

376 4704 460 4773 (Llc):
477 4706 575 4756 voluta
594 4709 622 4762 G.
