3784 5625
389 658 430 722 62
678 673 682 682 ’
879 671 1037 720 vrrnuvn

388 829 584 909 infernates,
617 825 703 912 quod
726 848 768 888 ex
789 826 909 911 apricis
932 825 1013 889 loeis
1035 825 1264 911 adportantur,
1286 823 1437 888 meliores
1460 834 1536 889 sunt

389 952 487 1015 quam
510 950 593 1014 quae
615 927 656 992 ab
679 929 790 1013 opacis
813 925 854 989 de
877 926 1111 1013 supernatibus⁸
1129 925 1345 990 advehuntur.

472 1030 639 1111 Quantum
667 1030 775 1092 animo
798 1027 1005 1092 considerare
1027 1030 1133 1114 potui,
1164 1027 1205 1091 de
1227 1028 1330 1114 copiis
1353 1049 1437 1113 quae
1459 1037 1566 1092 sunta

385 1121 587 1196 necessariae
613 1133 648 1194 in
675 1130 898 1195 aedificiorum
926 1128 1222 1215 comparationibus
1251 1138 1284 1193 et
1312 1129 1431 1215 quibus
1453 1139 1532 1193 tem-

352 1235 547 1319 5peraturis
586 1256 603 1297 e
639 1254 747 1296 rerum
778 1242 900 1296 natura
936 1231 1171 1317 principiorum
1206 1230 1327 1294 habere
1359 1230 1534 1295 videantur

384 1337 577 1399 mixtionem
601 1357 748 1421 quaeque
771 1335 882 1397 insunt
903 1335 939 1396 in
962 1331 1099 1417 singulis
1128 1332 1304 1417 generibus
1333 1334 1474 1397 virtutes
1502 1343 1532 1397 et

384 1437 477 1517 vitia,
501 1438 550 1499 uti
572 1459 637 1500 non
660 1438 726 1500 sint
747 1436 860 1518 ignota
881 1433 1129 1497 aedificantibus
1152 1436 1299 1521 exposui.
1336 1436 1383 1498 ita
1405 1437 1462 1521 qui
1476 1458 1531 1521 po-

383 1538 507 1601 tuerint
530 1559 640 1601 eorum
662 1546 907 1623 praeceptorum
931 1537 1024 1622 sequi
1046 1537 1320 1622 praescriptiones
1343 1545 1438 1599 erunt
1457 1523 1531 1622 pru·

385 1639 564 1720 dentiores,
589 1640 854 1725 singulorumque
876 1660 1033 1725 generum
1053 1661 1148 1702 usum
1180 1637 1301 1723 eligere
1323 1647 1477 1724 poterimt
1498 1640 1531 1701 in

335 1759 367 1806 10
384 1741 548 1826 operibus.
596 1762 673 1824 ergo
701 1742 853 1826 quoniam
882 1740 923 1804 de
950 1739 1216 1826 apparationibus
1245 1748 1296 1803 est
1319 1738 1529 1826 explicatum,

384 1844 419 1905 in
442 1844 556 1907 ceteris
580 1842 800 1907 voluminibus
823 1843 864 1904 de
886 1843 968 1928 ipsis
990 1841 1149 1905 aedificiis
1177 1851 1374 1926 exponetur,
1404 1852 1437 1906 et
1464 1844 1528 1929 pri-

383 1966 472 2007 mum
503 1943 544 2007 de
577 1943 711 2008 deorum
745 1942 965 2007 inmortalium
992 1942 1129 2007 aedibus
1159 1944 1259 2006 sacris
1288 1952 1320 2007 et
1348 1942 1389 2006 de
1420 1966 1528 2007 earum

384 2048 581 2133 symmetriis
616 2055 648 2109 et
674 2045 955 2131 proportionibus,
983 2046 1032 2109 uti
1060 2044 1139 2110 ordo
1160 2043 1321 2130 postulat,
1344 2046 1527 2132 insequenti

382 2148 595 2233 perscribam.

675 2540 883 2616 LIBER
922 2537 1234 2615 TERTIUS.

333 2807 364 2855 16
466 2790 646 2878 Delphicus
669 2792 787 2880 Apollo
810 2792 977 2858 Socratem
999 2795 1143 2859 omnium
1165 2792 1442 2880 sapientissimum
1461 2793 1552 2879 Py-1

381 2893 470 2955 thiae
484 2894 649 2978 responsis
666 2904 716 2958 est
738 2896 914 2988 professus.
958 2899 987 2961 is
1002 2906 1110 2960 autem
1132 2906 1328 2960 memoratur
1350 2895 1525 2982 prudenter

383 2994 634 3080 doctissimeque
651 2994 786 3081 dixisse,
811 2999 992 3084 oportuisse
1006 2998 1173 3063 hominum
1195 3008 1327 3084 pectora
1348 2998 1524 3062 fenestrata

382 3105 414 3160 et
427 3106 541 3182 aperta
563 3118 644 3180 esse,
667 3099 716 3162 uti
730 3121 795 3162 non
817 3097 960 3164 occultos
982 3099 1140 3164 haberent
1162 3122 1275 3165 sensus
1298 3099 1357 3164 sed
1379 3108 1522 3187 patentes

330 3214 363 3262 20
380 3197 423 3261 ad
451 3199 734 3263 considerandum.
788 3201 914 3265 utinam
946 3224 1024 3266 vero
1051 3223 1161 3265 rerum
1187 3212 1303 3265 natura
1331 3203 1522 3266 sententiam

381 3301 449 3364 eius
465 3311 575 3365 secuta
591 3299 753 3389 explicata
776 3312 808 3366 et
829 3305 1021 3391 apparentia
1045 3325 1083 3367 ea
1106 3304 1341 3369 constituisset.
1386 3305 1415 3368 si
1439 3296 1537 3366 enim'

380 3404 427 3466 ita
448 3402 576 3484 fuisset,
599 3425 663 3466 non
685 3401 790 3468 solum
811 3402 924 3469 laudes
946 3413 1003 3469 aut
1024 3405 1106 3470 vitia
1127 3405 1308 3469 animorum
1329 3405 1372 3468 ad
1394 3426 1521 3469 manum

365 3504 619 3588 aspicerentur,
644 3505 814 3569 sedetiam
831 3492 1079 3592 disciplinarum
1096 3508 1251 3570 scientiae
1274 3507 1335 3571 sub
1359 3506 1519 3585 oculorum

381 3605 641 3669 consideratione
656 3606 822 3671 subiectae
836 3631 901 3672 non
917 3609 1051 3672 incertis
1067 3608 1199 3671 iudiciis
1215 3609 1442 3695 probarentur,
1466 3607 1519 3672 sed

330 3725 362 3773 *25
381 3715 412 3769 et
435 3705 540 3770 doctis
570 3716 603 3770 et
626 3709 803 3774 scientibus
826 3711 1002 3775 auctoritas
1026 3710 1159 3794 egregia
1182 3718 1215 3774 et
1237 3709 1365 3775 stabilis
1387 3709 1517 3774 addere-

379 3888 606 3897 ..mu—*—

448 4003 460 4048 1
481 3996 670 4070 adldueuntur
692 4000 721 4049 H
744 3997 928 4063 (advehuntur
945 4000 1018 4066 Llc):
1047 4000 1220 4051 adducuntur
1239 4003 1268 4052 G.
1298 3999 1310 4068 ll
1339 4005 1353 4052 7
1377 4007 1441 4052 sunt
1462 4008 1517 4052 ante

377 4100 430 4134 ras.
460 4085 488 4134 G.
522 4081 535 4151 [l
566 4088 582 4136 8
610 4090 817 4151 praeceptorem
842 4093 902 4137 ante
932 4102 1002 4137 corr.
1029 4087 1064 4138 H.
1092 4081 1105 4153 ΙΙ
1139 4089 1171 4137 10
1197 4087 1426 4153 apparationibus
1451 4087 1515 4137 don:

379 4169 601 4234 apparitionibus
621 4171 678 4220 GH.
703 4165 716 4236 [l
731 4171 769 4219 ,11
794 4175 944 4235 exponetur
962 4172 999 4220 L:
1019 4174 1164 4236 exponitur
1183 4172 1234 4221 GH
1252 4170 1306 4234 (lc).
1330 4168 1342 4237 ΙΙ
1370 4174 1402 4221 12
1421 4173 1515 4220 inmor-

378 4253 474 4302 talium
494 4255 545 4304 ΕΗ
563 4253 660 4318 (Lllrcjz
685 4254 842 4303 mortalium
860 4256 891 4304 cla
910 4255 948 4319 (ut
964 4273 992 4320 p.
1011 4259 1052 4313 64,
1071 4260 1105 4306 28
1123 4265 1149 4306 et
1167 4258 1208 4318 68,
1226 4255 1281 4320 20).

444 4372 568 4437 Explicit
586 4357 635 4425 lib.
653 4374 690 4424 II.
720 4373 828 4438 incipit.
840 4373 892 4424 ΙΙΙ.
912 4375 941 4438 G,
962 4374 1034 4424 liber
1051 4375 1186 4424 secundus
1200 4375 1315 4440 explicit
1332 4376 1433 4441 incipit
1449 4374 1516 4424 liber

376 4457 475 4506 tertius
492 4457 522 4507 H
549 4455 592 4521 (L,
615 4456 663 4506 lit.
687 4455 750 4507 seris
775 4457 889 4523 explicit
906 4458 1006 4522 incipit
1022 4457 1095 4510 liber
1112 4460 1210 4508 tertius
1227 4464 1243 4517 Ι,
1262 4459 1362 4523 incipit
1379 4459 1450 4510 liber
1466 4464 1515 4508 ter-

375 4540 430 4590 tius
447 4541 580 4592 victruvii
597 4539 631 4606 c).

445 4644 476 4692 17
494 4658 641 4708 responsus
659 4652 718 4694 ante
735 4660 804 4694 corr.
824 4645 860 4694 H.
885 4642 898 4712 Η
921 4646 954 4695 18
972 4646 1130 4696 fenestra&
1142 4645 1175 4697 Ε.
1199 4644 1211 4713 ΙΙ
1234 4649 1266 4698 19
1277 4650 1422 4711 patentes:
1441 4661 1515 4712 aper·

376 4729 419 4775 tas
438 4726 470 4774 E.
