3784 5625
285 675 289 680 „
386 678 449 743 308
569 693 617 739 DE
639 691 800 740 Dlvnasls
823 689 985 739 FABRIOIS
1008 688 1347 737 ARCHITECTONICAE.

386 847 454 910 dito
482 846 608 929 glutino
642 845 770 907 imitata
805 843 907 906 indici
940 844 1139 907 suavitatem
1172 841 1411 904 monstrabunt.
1455 850 1531 903 usta

386 970 474 1029 vero,
498 967 580 1032 quae
602 943 777 1031 plurimum
799 945 982 1007 necessaria
997 944 1031 1005 in
1054 944 1206 1029 operibus
1222 944 1370 1028 picturae
1386 941 1529 1024 videtur,

386 1050 433 1111 sic
461 1055 671 1133 temperatur.
715 1044 830 1129 glebae
858 1043 928 1108 silis
956 1045 1035 1108 boni
1065 1046 1099 1107 in
1126 1047 1203 1128 igne
1225 1052 1423 1128 coquuntur,
1453 1052 1531 1105 tunc

309 1209 312 1214 .
385 1150 541 1213 acerrimo
563 1155 654 1211 aceto
677 1145 809 1232 perfuso
832 1147 1084 1229 extinguuntur,
1113 1154 1145 1208 et
1167 1145 1309 1208 reddunt
1332 1166 1531 1231 purpureum

386 1249 533 1314 colorem.
579 1245 718 1310 caerulei
740 1249 991 1333 temperationes
1013 1245 1236 1310 Alexandriae
1257 1246 1362 1331 primo
1384 1255 1459 1308 sunt
1482 1246 1530 1307 in·
1551 1258 1567 1305 5

385 1360 513 1431 ventae,
536 1371 623 1412 nunc
645 1357 754 1412 autem
768 1349 914 1413 Puteolis
931 1370 973 1411 ex
989 1349 1129 1411 harenae
1152 1347 1286 1433 pulvere
1303 1356 1335 1409 et
1349 1346 1429 1409 nitri
1446 1336 1532 1409 flore

385 1445 585 1538 temperatur
612 1470 667 1511 aes
698 1451 846 1536 cyprium
875 1450 1039 1513 adustum.
1084 1471 1213 1512 cerussa
1242 1458 1274 1511 et
1301 1471 1398 1535 quam
1426 1448 1531 1511 nostri

385 1576 535 1617 aerucam
569 1560 687 1615 vocant
717 1552 765 1613 sic
793 1552 855 1615 erit
887 1551 1098 1614 conficienda.
1149 1560 1324 1613 sarmenta·
1345 1550 1423 1612 vitis
1450 1550 1531 1611 arni·

385 1677 466 1718 neae
494 1654 602 1717 infuso
625 1661 716 1717 aceto
738 1654 773 1715 in
796 1652 883 1716 dolio
907 1653 1125 1732 coniciuntur,
1155 1674 1251 1746 super
1272 1650 1404 1715 tabulae
1426 1649 1530 1735 plum-

385 1756 465 1819 beae
494 1754 699 1840 deponantur
727 1762 759 1815 et
787 1752 909 1817 dolium
938 1752 1103 1835 cludatur,
1131 1763 1163 1816 et
1185 1753 1334 1839 pluribus
1362 1751 1531 1814 mensibus
1553 1766 1586 1814 10

385 1858 557 1920 transactis
580 1841 755 1940 aperiatur.
800 1854 858 1917 sed
881 1876 1012 1918 cerussa
1035 1856 1069 1917 in
1091 1853 1223 1917 fornace
1246 1864 1418 1940 coquatur,
1448 1875 1532 1939 quae

384 1967 508 2021 mutato
536 1956 642 2020 colore
664 1954 832 2017 meliorem
855 1954 975 2019 efficiet
998 1956 1222 2019 sandaracam.
1268 1965 1392 2021 ostrum
1420 1963 1531 2018 autem

386 2059 473 2145 quod
495 2080 554 2145 pro
576 2056 683 2121 colore
705 2079 867 2143 purpurae
889 2067 1089 2143 temperatur
1111 2057 1259 2144 plurimis
1276 2056 1356 2121 locis
1372 2059 1531 2137 nascitur,

385 2159 443 2223 sed
466 2161 623 2246 optimum
645 2158 752 2221 insula
767 2157 878 2243 Cypro
901 2168 933 2221 ct
955 2161 1072 2223 ceteris
1096 2181 1179 2246 quae
1201 2160 1350 2246 proxime
1372 2158 1432 2221 sub
1451 2157 1532 2221 solis

386 2283 482 2324 cursu
504 2259 677 2324 habentur.
722 2258 897 2322 conchulae
919 2261 1030 2348 itaque
1045 2283 1118 2324 cum
1134 2262 1345 2324 circumcisae
1360 2258 1444 2322 ferro
1461 2258 1532 2323 fue·
1555 2272 1586 2320 15

385 2364 451 2425 rint
473 2362 623 2426 lacrimas
646 2362 801 2448 purpurei
824 2361 941 2425 coloris
966 2364 1130 2444 emittunt,
1153 2362 1271 2448 quibus
1294 2359 1438 2427 collectis
1454 2383 1533 2448 pur-

386 2486 503 2549 pureus
527 2463 614 2527 color
635 2472 843 2550 temperatur.
886 2462 960 2526 ideo
983 2473 1092 2528 autem
1115 2473 1240 2527 ostrum
1263 2473 1312 2526 est
1333 2461 1535 2548 appellatum

386 2565 474 2652 quod
496 2588 538 2628 ex
559 2567 653 2628 testis
676 2587 769 2628 umor
791 2563 939 2628 elicitur:
965 2568 1021 2651 qui
1043 2568 1108 2630 cito
1125 2588 1167 2629 ex
1182 2564 1346 2649 salsugine
1361 2565 1531 2647 inarescit,

385 2668 451 2730 nisi
488 2676 685 2752 temperatus
722 2687 815 2729 umor
848 2663 943 2728 melle
978 2667 1193 2731 circumfusus
1226 2666 1394 2729 habeatur.
1449 2666 1535 2729 fiunt

387 2770 484 2833 etiam
506 2769 662 2855 purpurei
685 2767 807 2832 colores
830 2766 952 2831 infecta
974 2777 1062 2831 creta
1083 2769 1197 2834 rubiae
1219 2768 1338 2832 radice.
1377 2766 1533 2833 similiter
1552 2779 1586 2828 ao

387 2893 430 2933 ex
450 2869 584 2933 floribus
607 2869 664 2932 alii
687 2869 808 2933 colores
836 2870 1037 2934 inficiuntur.
1081 2874 1192 2956 itaque
1213 2873 1354 2958 pictores
1377 2891 1451 2932 curn
1474 2893 1532 2934 vo-

387 2970 507 3035 luerint
534 2970 574 3034 sil
601 2971 736 3035 atticum
758 2973 891 3055 imitari,
916 2970 1037 3036 violam
1058 2972 1184 3035 aridam
1205 2973 1241 3035 in
1262 2995 1340 3037 vaso
1358 2994 1431 3040 cum
1446 2994 1534 3058 aqua

456 3215 469 3260 1
488 3213 629 3262 suavitate
645 3229 675 3276 p.
696 3208 708 3278 Η
731 3216 808 3262 usta:
832 3213 867 3275 cf.
891 3213 958 3262 Vitr.
980 3218 1007 3271 7,
1027 3216 1067 3262 11.
1085 3230 1113 3277 p.
1133 3216 1191 3275 181,
1210 3217 1233 3262 6.
1257 3209 1269 3279 Η
1291 3216 1307 3262 3
1329 3213 1369 3261 sic
1392 3217 1534 3276 tempera·

387 3300 431 3345 tur
453 3299 544 3346 addidi
560 3312 596 3345 ecc
612 3297 692 3345 Vita:
711 3292 841 3361 0110οΗ
863 3296 942 3361 gleue
961 3315 983 3350 0,
999 3293 1011 3362 11
1029 3298 1089 3347 silis
1107 3298 1175 3347 boni
1193 3299 1233 3346 ed.
1253 3298 1300 3356 (aa
1321 3295 1416 3358 Vitr.):
1435 3296 1533 3346 silices

388 3381 466 3428 bonae
484 3397 525 3443 op.
549 3376 561 3444 Η
583 3381 779 3443 4purporeum
797 3397 838 3444 ep.
863 3378 875 3446 Η
898 3381 1055 3430 5caerulei
1074 3385 1114 3431 ed.
1133 3380 1180 3443 (ear
1201 3381 1293 3444 Virri:
1313 3381 1426 3430 caerussi
1443 3398 1465 3437 o,
1485 3397 1534 3431 ce·

286 3516 289 3522 ,
388 3464 461 3512 russi
479 3480 505 3526 p.
529 3459 541 3527 Η
563 3465 579 3511 6
603 3465 670 3511 nitri
693 3462 799 3525 (Vicae
828 3465 956 3522 nitrien,
980 3466 1056 3514 intro
1070 3483 1097 3529 p.
1122 3464 1134 3532 Η
1157 3469 1171 3515 1
1191 3481 1239 3515 aes
1262 3467 1385 3530 cyprium
1403 3466 1460 3515 Pol.
1485 3465 1534 3525 (ezr

392 3546 483 3606 Vitr,):
503 3546 658 3595 sedcibrum
671 3564 697 3608 u,
717 3547 766 3595 sed
785 3548 874 3597 cibrir'r
884 3565 913 3612 p.
932 3544 944 3614 Η
960 3565 1073 3599 cerussa
1092 3550 1166 3611 (Vat.
1185 3551 1227 3609 2):
1247 3565 1327 3598 russa
1343 3567 1384 3613 op.
1408 3545 1420 3614 Η
1445 3553 1473 3597 01
1491 3546 1533 3607 (et

388 3647 491 3695 aerugo
516 3628 597 3694 Mar.)
616 3632 676 3682 add.
691 3647 726 3680 ecc
739 3632 818 3683 Vita:
839 3649 885 3685 om.
906 3651 947 3696 op.
962 3632 1054 3696 (russo
1067 3631 1167 3698 quam).
1184 3631 1196 3699 Η
1212 3637 1228 3684 8
1248 3650 1377 3684 aerucam
1395 3634 1467 3682 Mar.
1485 3632 1534 3693 (erc

392 3715 486 3776 Vaut:
507 3715 632 3778 afrugum
644 3733 667 3774 v,
681 3705 795 3779 afrugrir
805 3734 832 3780 p.
843 3713 855 3783 Η
872 3719 938 3767 vitis
951 3719 1078 3768 amineae
1091 3735 1137 3783 epo
1150 3718 1262 3781 (vitiosa
1274 3721 1375 3768 vineae
1388 3715 1472 3779 Pola:
1491 3719 1534 3766 vi-

388 3801 461 3850 tiosa
480 3800 552 3848 mine
566 3799 729 3864 8111111100,
747 3801 850 3850 vitiosa
863 3802 954 3868 minse
972 3803 1063 3852 intuso
1075 3820 1102 3866 p.
1121 3800 1133 3869 Η
1147 3803 1288 3861 9111110011,
1302 3803 1380 3852 doleo
1390 3819 1417 3866 p.
1431 3798 1444 3868 Η
1457 3803 1534 3852 coni-

389 3887 498 3934 ciantur
515 3900 574 3949 epo:
600 3883 743 3934 conficitur
760 3903 801 3950 op.
824 3883 835 3952 Η
858 3886 1005 3950 plumbeae
1023 3905 1050 3937 v:
1073 3887 1203 3953 palumbe
1221 3905 1248 3953 p.
1273 3885 1285 3954 Η
1308 3890 1339 3937 10
1362 3885 1531 3952 11111110,Η

329 3968 333 3976 ’
388 3960 541 4020 mensibus:
560 3965 673 4034 meurib3
692 3968 751 4035 (eia)
763 3988 789 4035 p.
808 3967 819 4035 Η
842 3973 871 4018 11
892 3971 940 4019 sed
953 3989 1011 4036 epo:
1034 3977 1062 4022 et
1081 3990 1122 4036 op.
1139 3968 1151 4038 Η
1167 3987 1307 4034 caerosav,
1326 3987 1423 4021 cerosa
1434 3988 1461 4035 p.
1474 3968 1488 4036 Η
1501 3973 1534 4020 12

387 4059 493 4103 ustrum
510 4071 524 4102 v
542 4060 567 4102 et
581 4052 765 4116 (sandaraca.
778 4056 944 4119 Mustrriss'c)
963 4073 990 4119 p.
1008 4053 1019 4122 Η
1036 4060 1066 4106 13
1079 4048 1197 4123 purpure
1215 4074 1241 4121 p,
1260 4071 1404 4121 purpureae
1422 4073 1446 4105 o.
1465 4052 1479 4120 Η
1501 4058 1534 4104 14

389 4139 519 4202 optimum
543 4137 633 4186 insuia
658 4138 763 4201 (—sola
782 4138 826 4202 p):
853 4142 890 4188 sic
912 4157 954 4204 op.
975 4136 988 4205 Η
1012 4142 1111 4191 ceteris
1135 4140 1304 4205 (regionibus
1321 4142 1383 4192 odd.
1406 4141 1478 4193 Mar.
1498 4157 1534 4190 erc

392 4221 482 4285 Vim).
498 4218 510 4287 Η
527 4224 558 4271 15
582 4222 697 4273 concula
716 4224 946 4274 ...circumcisa
970 4243 1010 4288 op.
1035 4223 1046 4291 Η
1075 4227 1106 4273 16
1124 4226 1320 4277 lacrimanti:
1347 4226 1433 4273 —mis
1455 4243 1497 4290 op.
1519 4223 1530 4290 Η

387 4308 516 4371 purperei
534 4323 556 4355 v.
580 4303 592 4371 Η
616 4307 716 4357 coloris
736 4308 864 4357 emittunt
877 4308 1033 4371 (remittunt
1045 4309 1099 4372 ed.)
1118 4327 1178 4373 epo:
1199 4309 1430 4369 coloriremittunt
1442 4327 1466 4374 v,
1488 4326 1533 4359 co·

387 4390 439 4446 lori
457 4391 599 4440 remittunt
615 4409 642 4456 p.
666 4388 679 4457 Η
701 4407 853 4457 purpureus
871 4395 926 4445 ed:
944 4395 1088 4459 purpereis
1106 4412 1127 4453 v,
1146 4396 1291 4460 purpureis
1305 4411 1334 4458 p.
1356 4391 1368 4459 Η
1389 4394 1534 4447 181111110-

300 4474 303 4481 “
388 4473 552 4537 rebaltare,
571 4475 684 4525 humore
696 4475 790 4536 licitur
804 4495 831 4542 p.
856 4474 868 4543 Η
890 4479 1024 4527 inarescit
1042 4472 1094 4528 eds
1114 4479 1264 4530 inhorescit
1281 4496 1321 4542 ep.
1342 4475 1354 4543 Η
1376 4480 1407 4528 19
1426 4482 1533 4544 tempe·

388 4564 464 4608 ratur
479 4577 507 4623 p.
530 4557 542 4624 Η
565 4560 848 4611 melle-habeatnr:
875 4568 913 4611 stc
930 4580 971 4626 op.
996 4559 1009 4628 Η
1030 4566 1063 4612 20
1089 4567 1216 4628 purperei
1238 4582 1261 4615 0.
1286 4559 1298 4628 Η
1320 4563 1417 4612 rubiae
1437 4563 1534 4612 radice

388 4645 443 4691 ed:
461 4644 545 4692 rubra
562 4645 671 4694 radices
689 4663 721 4709 op
741 4647 845 4709 (Vita).
868 4643 879 4711 Η
904 4651 934 4695 21
956 4648 1076 4712 pictures
1096 4665 1137 4712 vp.
1151 4644 1164 4713 Η
1181 4648 1326 4700 voluerent
1342 4665 1383 4712 op.
1406 4643 1419 4713 Η
1441 4649 1476 4696 22
1496 4648 1536 4697 si-

387 4724 476 4775 latice
492 4744 519 4790 p.
