3784 5625
347 668 348 673 ’
378 657 423 723 ’36
875 669 1033 723 vnauvn

382 831 482 893 siores
511 825 620 893 fabros
650 849 721 893 esse
750 848 785 893 se
807 828 1046 915 profiterentur.
1093 851 1167 892 eum
1190 850 1266 914 ergo
1288 831 1369 895 haec
1391 827 1529 893 itafue-

380 932 447 994 rint
460 932 565 1017 primo
581 932 759 995 constituta
775 939 806 993 et
821 940 937 994 natura
958 953 1023 993 non
1046 929 1150 994 solum
1173 931 1324 995 sensibus
1346 934 1532 996 ornavisset

382 1043 496 1116 gentes
519 1032 793 1117 quemadmodum
815 1030 941 1117 reliqua
963 1031 1131 1115 animalia,
1156 1033 1215 1096 scd
1237 1034 1335 1097 etiarn
1357 1035 1530 1118 cogitatio-

381 1134 477 1198 nibus
512 1144 544 1197 et
577 1133 721 1198 consiliis
756 1136 952 1197 armavisset
977 1142 1102 1197 mentes
1137 1144 1169 1198 et
1198 1135 1392 1198 subiecisset
1421 1144 1532 1198 cetera

348 1249 363 1296 5
381 1233 534 1298 animalia
550 1235 614 1298 sub
635 1245 808 1320 potestate,
831 1245 909 1298 tunc
932 1257 1010 1298 vero
1033 1256 1051 1297 e
1072 1234 1342 1300 fabricationibus
1364 1235 1530 1300 aedificio-

379 1359 452 1399 rum
467 1337 630 1420 gradatim
644 1337 810 1424 progressi
825 1335 867 1399 ad
884 1345 1008 1399 ceteras
1030 1347 1117 1400 artes
1140 1346 1172 1400 et
1194 1334 1395 1424 disciplinas,
1420 1337 1531 1410 e,fera

380 1439 568 1524 agrestique
606 1439 676 1501 vita
711 1437 753 1500 ad
791 1447 993 1501 mansuetam
1026 1437 1251 1525 perduxerunt
1283 1438 1529 1503 humanitatem.
1571 1436 1575 1446 '

380 1549 450 1602 tum
478 1550 588 1606 autem
615 1541 812 1603 instruentes
840 1541 1007 1603 animose
1031 1549 1063 1602 et
1089 1541 1327 1626 prospicientes
1351 1540 1561 1604 maioribus?

382 1640 634 1725 cogitationibus
650 1663 692 1705 ex
707 1642 865 1704 varietate
880 1641 999 1704 artium
1021 1643 1124 1723 natis,
1147 1664 1213 1705 non
1236 1663 1326 1705 casas
1350 1642 1408 1705 sed
1431 1642 1530 1705 etiam

334 1756 364 1802 10
383 1741 494 1806 domos
523 1742 676 1807 fundatas
705 1754 737 1807 et
759 1742 913 1806 latericiis
936 1742 1115 1828 parictibus
1138 1753 1194 1807 aut
1216 1765 1234 1805 e
1256 1742 1366 1830 lapide
1388 1753 1529 1808 structas

382 1845 580 1930 materiaque
596 1854 627 1908 et
642 1842 752 1929 tegula
767 1853 869 1908 tectas
890 1843 1047 1930 perficere
1069 1854 1254 1930 coeperunt,
1278 1843 1397 1908 deinde
1420 1845 1528 1909 obser-

381 1946 568 2009 vationibus
597 1945 776 2010 studiorum
813 1966 830 2007 e
863 1944 1060 2030 vagantibus
1093 1946 1224 2009 iudiciis
1258 1955 1290 2009 et
1322 1947 1457 2010 incertis
1487 1946 1529 2008 ad

382 2057 487 2111 certas
502 2047 766 2133 symmetriarum
781 2046 1005 2133 perduxerunt
1019 2048 1170 2111 rationes
1201 2057 1412 2134 posteaquam
1425 2048 1527 2110 anim-

381 2149 596 2213 adverterunt
611 2147 761 2236 profusos
778 2169 849 2211 esse
863 2158 976 2234 partus
991 2147 1034 2211 ab
1056 2157 1172 2212 natura
1194 2150 1350 2213 materiae
1373 2159 1405 2213 et
1426 2149 1528 2213 abun·

324 2242 513 2314 ‘15dantem
547 2251 674 2336 copiam
706 2249 749 2312 ad
781 2247 1024 2313 aedificationes
1059 2249 1101 2313 ab
1129 2271 1167 2312 ca
1195 2260 1428 2337 comparatam,
1463 2260 1528 2315 tra-

380 2352 498 2417 ctando
513 2352 697 2416 nutrierunt
713 2360 745 2414 et
759 2362 888 2415 auctam
903 2374 961 2437 per
976 2361 1062 2415 artes
1085 2362 1282 2416 ornaverunt
1303 2351 1528 2438 voluptatibus

381 2453 575 2539 elegantiam
590 2453 686 2515 vitae.
731 2454 834 2537 igitur
856 2454 896 2517 de
918 2453 970 2516 his
993 2452 1090 2517 rebus
1113 2475 1194 2538 quae
1216 2463 1292 2517 sunt
1313 2455 1348 2516 in
1368 2453 1527 2517 aedificiis

381 2555 424 2618 ad
450 2577 544 2619 usum
566 2554 718 2636 idoneae,
748 2555 866 2640 quibus
895 2556 962 2618 sint
990 2552 1201 2639 qualitatibus
1231 2565 1262 2619 et
1284 2577 1364 2642 quas
1387 2554 1528 2619 habeant

381 2657 521 2720 virtutes
542 2665 578 2720 ut
600 2666 711 2742 potero
734 2656 851 2719 dicam.

330 2770 364 2819 20
467 2757 533 2824 Sed
548 2759 577 2824 si
592 2758 648 2844 qui
663 2757 705 2821 de
720 2757 834 2823 ordine
856 2758 953 2822 huius
976 2756 1053 2821 libri
1075 2757 1243 2845 disputare
1265 2758 1416 2843 voluerit,
1441 2758 1527 2845 quod
1545 2771 1561 2820 8

381 2862 546 2947 putaverit
579 2882 652 2924 eum
684 2861 825 2947 primum
859 2861 989 2924 institui
1025 2863 1229 2945 oportuisse,
1266 2884 1307 2924 ne
1344 2871 1438 2949 putet
1475 2882 1527 2924 me

381 2964 543 3027 erravisse
577 2963 625 3025 sic
656 2962 791 3025 reddam
824 2963 994 3027 rationem.
1046 2982 1119 3025 cum
1147 2983 1263 3048 corpus
1291 2963 1528 3026 architecturae

381 3063 573 3148 scriberem,
607 3065 711 3150 primo
745 3062 910 3127 volumine
937 3063 1053 3150 putavi
1081 3062 1199 3148 quibus
1228 3063 1467 3128 eruditionibus
1496 3073 1527 3127 et

381 3165 563 3253 disciplinis
599 3176 686 3228 esset
720 3176 833 3229 ornata
861 3185 1025 3251 exponere
1053 3163 1210 3250 finireque
1242 3165 1526 3235 terminationibus

329 3277 362 3326 ‘25
381 3269 450 3331 cius
485 3268 609 3353 specics
643 3276 675 3331 et
709 3290 726 3330 e
755 3257 880 3353 quibus*
901 3266 999 3330 rebus
1029 3275 1114 3329 esset
1142 3275 1219 3329 nata
1247 3265 1366 3331 dicere.
1416 3268 1526 3353 itaque

380 3369 460 3455 quid
488 3378 635 3455 oporteat
664 3391 736 3432 esse
763 3370 799 3431 in
826 3367 1019 3450 architecto,
1048 3367 1095 3430 ibi
1124 3369 1346 3455 pronuntiavi.
1391 3390 1469 3453 ergo
1491 3370 1525 3431 in

327 3461 329 3464 Α
380 3471 485 3555 primo
508 3469 549 3531 de
570 3471 650 3532 artis
673 3470 797 3554 officio,
821 3471 856 3533 in
877 3470 938 3533 hoc
961 3468 1002 3531 de
1024 3469 1226 3533 naturalibus
1248 3471 1405 3533 materiae
1426 3469 1523 3533 rebus

380 3591 475 3655 quem
503 3569 644 3634 habeant
669 3595 764 3635 usum
792 3568 980 3657 disputabo.
1023 3592 1163 3656 namque
1184 3571 1239 3634 hic
1261 3571 1344 3634 liber
1365 3593 1431 3636 non
1452 3593 1524 3658 pro-

379 3671 490 3734 fitetur
510 3671 598 3735 unde
620 3672 838 3737 architectura
859 3681 1028 3754 nascatur,
1057 3672 1115 3734 sed
1136 3673 1223 3735 unde
1247 3674 1388 3757 origines
1411 3672 1522 3736 aedifi·

215 3995 220 4004 ,
320 4011 322 4016 .
448 3949 460 3995 1
480 3962 509 3996 se
522 3964 569 4000 om.
584 3947 612 4000 6.
627 3947 670 4010 (ἵε
683 3947 899 4012 profiterentur).
916 3944 928 4013 il
945 3950 960 3997 2
973 3963 1028 3997 non
1040 3947 1126 3997 solum
1139 3949 1169 3996 H
1181 3947 1300 4011 (Geton
1319 3965 1373 3998 non
1388 3948 1449 4013 plus
1462 3949 1492 4000 G.
1507 3945 1519 4010 ii

326 4029 337 4041 ‘
378 4033 518 4081 smentes
539 4033 590 4082 GIl
607 4031 655 4094 (L,
675 4037 769 4096 gentes
788 4032 830 4095 Ic).
854 4030 866 4098 ΙΙ
893 4033 1027 4083 septu.
1047 4032 1093 4095 (ef.
1109 4049 1138 4096 p.
1158 4037 1182 4089 2,
1201 4030 1259 4095 19J:
1278 4031 1300 4081 ἃ
1318 4034 1356 4094 (ct
1374 4034 1407 4095 G)
1427 4033 1485 4085 GH,
1505 4028 1519 4097 Η

377 4117 468 4164 8tum
487 4117 515 4166 H
533 4113 577 4178 (L,
597 4115 694 4178 culc):
713 4120 777 4165 tunc
798 4117 827 4166 G.
851 4113 862 4181 {l
887 4117 1009 4164 animose
1030 4116 1081 4165 GH
1098 4115 1151 4178 (Ll,
1170 4117 1356 4181 animosech).
1380 4113 1392 4182 [Ι
1415 4117 1521 4182 prospi-

379 4200 498 4248 cientes:
522 4198 583 4262 e(ae
600 4207 659 4249 ante
677 4217 730 4252 raa.
751 4200 992 4264 H)prospicientcs
1016 4200 1074 4249 GH.
1102 4197 1114 4265 ΙΙ
1143 4203 1175 4250 10
1197 4200 1282 4250 donoc
1306 4202 1336 4254 G.
1360 4197 1372 4266 ΙΙ
1401 4206 1429 4250 ct
1451 4200 1521 4250 late·

379 4283 469 4331 riciis:
492 4285 530 4332 sic
550 4285 607 4333 GH.
637 4282 649 4349 Η
678 4286 706 4333 11
732 4289 823 4333 tectas
848 4285 880 4331 G:
909 4288 985 4333 tecta
1004 4284 1031 4332 H
1051 4283 1128 4346 (Llc).
1150 4281 1163 4349 ΙΙ
1192 4288 1224 4334 14
1241 4290 1337 4350 partus
1362 4286 1396 4333 ab
1419 4289 1521 4333 natura

377 4368 511 4416 materiae
529 4369 586 4417 doc.
608 4365 636 4430 (i.
657 4385 679 4417 e.
704 4384 764 4417 esse
784 4369 818 4418 ab
838 4375 937 4417 natura
957 4374 1052 4432 partus
1072 4370 1205 4419 materiae
1224 4371 1259 4433 ef.
1276 4387 1303 4433 p.
1325 4373 1366 4426 37,
1386 4369 1426 4429 6):
1459 4384 1520 4433 par-

378 4454 422 4498 tus
442 4453 476 4501 ab
496 4455 613 4500 naturae
633 4453 750 4501 materia
770 4439 867 4514 Hac,
887 4454 1010 4502 materirn
1024 4453 1053 4517 t),
1072 4458 1167 4516 partus
1186 4459 1284 4503 nature
1297 4453 1489 4506 admateriiG.
1505 4451 1517 4517 ii
1570 4469 1574 4473 ·

379 4537 410 4582 15
429 4536 536 4598 copiam
556 4535 590 4585 G:
611 4535 748 4599 copiarum
769 4538 797 4584 H
816 4537 907 4599 (Llc).·
919 4534 930 4603 Η
955 4540 986 4586 18
1006 4537 1104 4601 quibus
1117 4538 1172 4585 sint
1190 4536 1356 4602 (quibusque
1370 4538 1519 4600 sintdoc.):

377 4634 528 4698 quibusque
542 4639 605 4682 sunt
624 4617 664 4696 (st
682 4632 713 4698 G)
734 4635 792 4684 GH.
821 4632 833 4701 ΙΙ
867 4640 897 4686 19
920 4643 1018 4702 potero
1040 4641 1095 4690 ed:
1123 4643 1237 4702 potuero
1262 4639 1319 4690 GH.
1342 4635 1354 4704 ΙΙ
1382 4641 1416 4688 20
1433 4639 1520 4704 siqui:

375 4718 412 4764 ste
432 4718 490 4766 GH.
514 4715 527 4782 Η
549 4720 582 4767 22
595 4715 731 4767 sicredam
743 4726 802 4768 ante
815 4735 882 4770 corr.
898 4721 932 4773 H.
950 4717 963 4786 Η
979 4723 1012 4770 25
1025 4726 1090 4772 nota
1105 4723 1133 4772 θ.
1544 4724 1549 4735 ”
