3784 5625
693 659 740 704 nrr
763 658 1031 708 naonmrroruna
1054 662 1123 708 nm.
1147 663 1183 709 11.
1277 639 1279 643 ’
1464 646 1505 711 41

363 812 531 894 fluviatica
553 833 631 875 vero
653 821 786 899 propter
805 814 1010 879 macritatem
1031 813 1157 879 inutilis
1181 815 1310 899 signino
1333 816 1387 880 vel
1409 817 1507 882 hacu-

364 914 470 979 lorum
495 913 741 980 subactionibus
764 917 798 978 in
820 916 956 979 tectorio
978 917 1096 1004 recipit
1118 916 1329 982 soliditatem.

332 1041 345 1087 1
410 1061 415 1066 -
449 1015 502 1079 Dc
522 1016 663 1080 harenae
686 1018 788 1104 copiis
812 1038 884 1081 cum
905 1016 1065 1082 habeatur
1087 1018 1296 1105 explicatum,
1319 1030 1389 1083 tum
1410 1022 1508 1085 etiam
1525 1042 1550 1091 V

366 1118 407 1182 de
423 1115 511 1181 calce
533 1117 705 1202 diligentia
727 1128 776 1181 est
797 1117 986 1184 adhibenda
1007 1121 1057 1184 uti
1079 1117 1120 1183 de
1141 1119 1215 1185 albo
1238 1143 1318 1185 saxo
1339 1132 1396 1186 aut
1417 1121 1509 1187 silice

366 1228 532 1306 coquatur.
583 1228 615 1284 et
642 1240 724 1305 quae
752 1221 813 1284 erit
842 1242 885 1283 cx
911 1222 1019 1308 spisso
1047 1230 1079 1284 et
1101 1220 1249 1305 duriore,
1281 1224 1342 1287 erit
1363 1221 1453 1286 utilis
1475 1224 1544 1285 ins

367 1330 546 1405 structura,
570 1343 652 1408 quae
673 1330 782 1385 autem
805 1344 847 1385 ex
868 1321 1016 1390 fistuloso
1023 1371 1033 1404 ,
1055 1316 1091 1386 in
1111 1324 1269 1388 tectoriis.
1293 1346 1366 1387 curn
1389 1346 1426 1387 ea
1448 1326 1511 1388 erit

367 1423 527 1505 extincta,
551 1433 629 1487 tunc
650 1424 786 1486 materia
807 1424 855 1488 ita
876 1424 1052 1489 misceatur
1072 1434 1108 1508 ut
1130 1426 1160 1489 si
1182 1426 1244 1489 erit
1266 1424 1414 1506 fossicia,
1444 1435 1509 1489 tres

366 1525 506 1588 harenae
536 1534 568 1588 et
590 1547 655 1588 una
677 1523 776 1597 calcis
804 1523 1035 1608 infundantur,
1069 1527 1098 1589 si
1124 1536 1233 1592 autem
1260 1526 1427 1590 fluviatica
1454 1536 1510 1592 aut

365 1627 491 1717 marina
513 1625 577 1690 duo
600 1625 739 1689 harenae
763 1636 795 1691 et
816 1648 881 1690 una
909 1626 1008 1691 calcis
1037 1628 1225 1693 coiciantur.
1269 1629 1316 1692 ita
1339 1629 1425 1691 enim
1448 1630 1511 1692 erit

366 1729 452 1792 iusta
479 1728 563 1791 ratio
591 1727 761 1791 mixtionis
792 1736 1041 1814 temperaturae.
1092 1729 1189 1794 etiarn
1210 1731 1245 1793 in
1267 1730 1433 1794 fluviatica
1454 1739 1562 1794 antro

366 1815 492 1892 marina
520 1829 548 1893 si
577 1830 633 1914 qui
661 1838 778 1893 testam
805 1838 935 1893 tunsam
963 1838 995 1893 et
1022 1832 1202 1894 succretam
1230 1852 1273 1894 ex
1299 1833 1396 1895 tertia
1417 1840 1510 1918 parte

366 1930 534 2012 adiecerit,
559 1929 679 1993 efficiet
700 1932 855 1994 materiae
877 1926 1131 2018 temperaturam
1152 1930 1195 1994 ad
1216 1947 1312 1997 usum
1332 1932 1509 1997 meliorem.

330 2050 464 2119 aquare
491 2041 601 2097 autem
629 2053 702 2095 cum
730 2033 848 2118 recipit
869 2055 987 2119 aquam
1009 2041 1041 2096 et
1063 2033 1217 2097 harenam
1240 2033 1314 2098 calx
1335 2045 1414 2099 tunc
1436 2057 1509 2099 con-

364 2134 472 2221 firmat
487 2143 699 2216 structuram,
721 2134 802 2197 hacc
825 2156 895 2199 esse
918 2156 1016 2198 causa
1038 2136 1168 2199 videtur
1191 2135 1277 2221 quod
1300 2159 1317 2199 e
1339 2137 1510 2222 principiis

364 2238 413 2300 uti
434 2245 542 2299 cetera
564 2256 699 2321 corpora
720 2237 767 2299 ita
789 2244 821 2299 et
844 2260 923 2301 saxa
946 2246 1022 2301 sunt
1043 2246 1233 2323 temperata.
1278 2247 1310 2300 et
1332 2259 1414 2322 quae
1436 2236 1510 2322 plus
1530 2250 1561 2297 15

365 2337 488 2402 habent
509 2338 593 2414 aeris
617 2347 692 2401 sunt
714 2346 842 2427 tenera,
873 2360 956 2435 quae
981 2360 1085 2423 aquae
1109 2337 1197 2402 lenta
1220 2338 1359 2416 suntab
1388 2360 1508 2419 umore,

365 2462 448 2527 quae
468 2448 575 2503 torrae
598 2437 695 2521 dura,
722 2461 803 2524 quac
825 2440 911 2523 ignis
934 2438 1113 2522 fragiliora.
1158 2440 1268 2524 itaque
1291 2460 1333 2501 ex
1354 2438 1405 2501 his
1429 2460 1510 2517 saxa

365 2544 397 2609 si
420 2551 595 2627 antequam
622 2550 818 2626 coquantur,
853 2549 988 2604 contusa
1021 2540 1145 2604 minute
1161 2540 1279 2603 ¹mixta
1308 2540 1448 2604 harenae
1474 2540 1509 2602 in

365 2652 562 2708 structuram
595 2642 790 2723 coiciantur,
829 2664 894 2705 non
927 2640 1128 2705 solidescunt
1159 2663 1219 2705 nec
1252 2664 1323 2704 earn
1356 2649 1510 2727 poterunt

365 2745 541 2810 continere.
592 2764 665 2807 cnm
692 2765 771 2807 vero
801 2745 948 2808 coniecta
973 2745 1008 2807 in
1030 2743 1194 2809 fornacem
1216 2745 1303 2830 ignis
1325 2742 1511 2806 vehementi
1528 2757 1561 2805 20

364 2847 494 2911 fervore
509 2856 657 2933 correpta
672 2847 841 2911 amiserint
862 2847 1019 2934 pristinae
1041 2848 1215 2912 soliditatis
1238 2849 1409 2928 virtutem,
1432 2856 1511 2910 tunc

365 2950 491 3014 exustis
523 2957 621 3035 atque
648 2949 815 3012 exhaustis
849 2971 960 3013 eorum
988 2951 1115 3014 viribus
1142 2949 1370 3035 relinquuntur
1396 2957 1509 3034 paten-

365 3051 453 3115 tibus
483 3048 697 3123 foraminibus
727 3059 759 3112 et
786 3050 949 3115 inanibus.
999 3074 1076 3136 ergo
1103 3050 1210 3138 liquor
1232 3052 1288 3137 qui
1312 3051 1417 3113 estin
1440 3051 1508 3113 eius

365 3151 485 3239 lapidis
502 3173 636 3238 corpore
652 3161 683 3215 et
697 3173 753 3214 aer
769 3173 841 3214 cum
858 3162 993 3216 exustus
1011 3162 1043 3216 et
1058 3162 1188 3238 ereptus
1212 3151 1320 3233 fuerit,
1344 3150 1508 3214 habuerit-

366 3276 428 3340 que
458 3254 493 3316 in
527 3275 562 3317 se
594 3253 761 3317 residuum
789 3252 928 3317 calorem
956 3252 1130 3334 latentem,
1164 3254 1322 3315 intinctus
1350 3252 1384 3313 in
1413 3273 1506 3337 aqua,
1526 3270 1559 3317 25

364 3356 554 3441 priusquam
583 3376 621 3417 ea
649 3355 735 3439 ignis
764 3354 831 3417 vim
859 3355 993 3441 recipit,
1021 3376 1133 3419 umore
1156 3361 1345 3440 penetrante
1367 3354 1402 3416 in
1423 3353 1507 3417 fora-

365 3457 490 3519 minum
523 3459 671 3521 raritates
705 3456 920 3520 confervescit
954 3466 986 3518 et
1018 3458 1064 3520 ita
1095 3456 1307 3539 refrigeratus
1339 3455 1434 3518 reicit
1466 3476 1509 3517 ex

330 3581 346 3627 3
365 3557 463 3622 calcis
487 3580 620 3644 corpore
642 3557 815 3620 fervorem.
864 3557 938 3621 idco
960 3567 1068 3621 autem
1091 3579 1154 3644 quo
1175 3556 1319 3643 pondere
1342 3579 1421 3620 saxa
1443 3557 1506 3620 coi·

365 3660 495 3724 ciuntur
526 3661 561 3722 in
594 3659 773 3742 fornacem,
812 3681 885 3722 cum
918 3659 1106 3722 eximuntur
1135 3680 1200 3722 non
1235 3669 1373 3745 possunt
1402 3655 1445 3720 ad
1472 3656 1508 3720 id
1602 3646 1605 3651 ⁸

434 3936 446 3983 l
466 3935 684 3983 macricritatem
703 3934 733 3987 G.
757 3930 770 4000 [1
792 3933 897 3983 inutilis
916 3932 991 3995 (Lor.
1010 3950 1046 3983 eor
1063 3932 1136 3997 cpit.)
1155 3933 1264 3997 signino
1283 3932 1327 3983 vel
1346 3930 1508 3981 baculorum

366 4018 481 4089 (Salm.):
500 4019 543 4068 nti
560 4019 672 4082 signini]
692 4018 829 4068 lracoloru
842 4020 872 4066 H
890 4018 941 4081 (uti
960 4018 1051 4098 signi
1051 4017 1130 4067 nulia
1149 4016 1244 4066 colorsr
1263 4017 1293 4074 L,
1313 4030 1366 4064 u.s
1394 4012 1507 4063 ilacolo·

364 4135 422 4168 rum
440 4119 478 4175 cl,
498 4131 524 4168 u.
543 4134 565 4171 s.
583 4119 712 4184 laicolop
724 4117 752 4182 l),
772 4120 814 4168 uti
832 4120 943 4184 signini]
962 4119 975 4166 l
992 4119 1118 4169 iaculord
1143 4117 1170 4180 (i.
1189 4134 1211 4166 e.
1229 4116 1275 4166 vel
1292 4113 1455 4178 iaculorum)
1477 4115 1506 4167 G.

363 4203 515 4253 iaculorum
533 4205 583 4253 iam
600 4205 661 4267 legit
679 4205 838 4267 epitomator.
857 4202 868 4270 ll
884 4207 900 4254 2
914 4205 1122 4255 subactionibus
1136 4204 1162 4251 H
1181 4200 1262 4262 (Llc):
1283 4199 1462 4249 subactioncs
1476 4201 1506 4252 G.

364 4285 436 4352 (bac.
450 4303 471 4338 s.
485 4288 519 4349 cf.
537 4287 602 4347 VII‚
619 4291 643 4346 3,
658 4293 673 4336 7
685 4290 700 4339 i.
711 4305 733 4340 c.
746 4289 874 4338 vectibus
886 4288 988 4353 ligneis
1005 4289 1088 4349 VIII,
1100 4290 1114 4337 7
1125 4284 1215 4348 πίῃ).
1231 4280 1243 4350 ΙΙ
1259 4282 1447 4334 8infundatur
1460 4321 1483 4333 ..
1499 4325 1505 4337 ,

364 4373 503 4422 coiciatur
514 4372 564 4422 GH
578 4373 704 4436 (-antur
721 4372 796 4435 rea).
820 4369 832 4437 l}
855 4372 1056 4438 9hareneuna
1074 4371 1131 4433 (oro.
1147 4368 1184 4432 et)
1205 4369 1264 4419 GH.
1288 4365 1300 4435 ΙΙ
1325 4369 1452 4432 llsiqui:
1470 4371 1508 4418 εἰσ

364 4457 423 4507 GH.
445 4452 457 4522 [l
483 4457 514 4505 17
534 4456 601 4505 dura
621 4456 715 4522 G(L):
735 4456 820 4507 durae
838 4458 866 4505 H
886 4456 960 4519 (-re
978 4461 995 4516 1,
1013 4473 1076 4522 —rp
1094 4455 1144 4519 ch).
1167 4451 1179 4520 ΙΙ
1204 4456 1234 4503 18
1253 4455 1451 4503 instructuram
1472 4454 1507 4502 G:

364 4541 392 4588 in
410 4542 606 4591 instructuram
626 4542 655 4589 H
674 4541 753 4604 (Llc).
774 4538 786 4605 Η
808 4543 841 4589 26
860 4555 893 4589 ea
911 4538 958 4601 (sc.
978 4539 1061 4604 aqna)
1079 4540 1153 4604 ignis
1171 4542 1225 4589 vim
1245 4555 1304 4602 egro:
1325 4553 1358 4587 ex
1376 4538 1435 4602 igni
1452 4539 1507 4588 vim

364 4625 391 4672 H
410 4623 489 4688 (LIc),
514 4640 549 4673 ex
570 4625 648 4691 rgnn'r
668 4626 698 4677 G.
722 4619 735 4690 l]
758 4627 790 4674 27
809 4624 1005 4688 refrigeratus:
1029 4624 1193 4689 ferrigratus
1212 4631 1270 4672 ante
1288 4638 1358 4677 corr.
1378 4621 1506 4686 (frigera-

364 4706 420 4771 tus)
440 4708 471 4757 G.
