3784 5625
386 653 445 718 188
873 634 1030 714 vrrnuvu

383 844 530 887 exurere.
564 821 800 908 intervallaque
821 821 981 885 montium
1003 822 1144 883 maxime
1165 822 1328 907 recipiunt
1349 820 1471 884 imbres
1494 831 1558 886 et?

383 933 515 1013 propter
542 922 699 987 silvarum
727 922 935 987 crebritatem
967 923 1062 986 nives
1089 921 1132 985 ab
1159 922 1284 987 umbris
1312 921 1466 987 arborum
1494 932 1525 987 et

383 1026 540 1090 montium
563 1024 610 1088 ibi
633 1024 755 1089 diutius
779 1032 1023 1105 conservantur,
1047 1022 1166 1087 deinde
1188 1023 1332 1110 liquatae
1346 1046 1405 1110 per
1420 1033 1524 1088 terrae

382 1150 482 1191 venas
505 1126 712 1213 percolantur
734 1127 834 1192 etita
856 1127 1053 1212 perveniunt
1079 1124 1121 1189 ad
1144 1125 1271 1189 infimas
1293 1127 1454 1191 montium
1475 1150 1523 1190 ra-

348 1230 483 1312 edices,
506 1249 549 1292 ex
571 1228 689 1314 quibus
711 1228 908 1314 profluentes
929 1227 1070 1292 fontium
1092 1235 1266 1313 erumpunt
1280 1236 1403 1292 ructus.
1440 1250 1543 1317 eam--

382 1331 548 1420 pestribus
570 1339 679 1394 autem
701 1329 781 1396 locis
804 1329 966 1394 contrario
995 1351 1061 1393 non
1088 1338 1225 1415 possunt
1253 1327 1376 1394 habero
1403 1332 1523 1417 copias.

337 1437 342 1454 ¹
381 1456 458 1498 nam
492 1453 715 1519 quaecumque
753 1441 828 1496 sunt
860 1454 926 1495 non
958 1438 1096 1517 possunt
1133 1429 1253 1495 babere
1286 1430 1523 1513 salubritatem,

382 1536 469 1623 quod
505 1532 584 1599 solis
613 1534 786 1598 vehemens
822 1534 963 1619 impetus
1000 1541 1133 1620 propter
1167 1531 1291 1628 nullam
1327 1533 1524 1598 obstantiam

381 1636 570 1702 umbrarum
598 1635 695 1722 eripit
718 1634 939 1724 exhauriendo
962 1634 1094 1697 fervens
1117 1655 1160 1698 ex
1181 1632 1317 1721 planitie
1339 1656 1524 1722 camporum

334 1753 364 1801 ιο
382 1759 537 1818 umorem,
561 1745 593 1801 et
615 1738 644 1800 si
667 1758 748 1823 quae
771 1747 847 1802 sunt
867 1758 971 1824 aquae
992 1745 1203 1823 apparentes,
1227 1757 1270 1799 ex
1291 1736 1343 1801 his
1359 1723 1454 1823 ¹quod
1476 1746 1526 1801 est

381 1839 585 1904 levissimum
606 1839 897 1925 tenuissimumque
919 1848 952 1902 et
974 1837 1087 1902 subtili
1109 1837 1301 1903 salubritate
1315 1860 1372 1901 aer
1384 1860 1524 1903 avocans

382 1942 521 2028 dissipat
543 1941 578 2003 in
600 1940 758 2026 impetum
785 1939 867 2004 caeli
896 1961 1042 2026 quaeque
1068 1940 1285 2025 gravissimae
1306 1939 1472 2026 duraeque
1490 1950 1525 2020 ,ct

381 2046 534 2108 insuaves
558 2050 633 2106 sunt
653 2051 774 2129 partes,
798 2063 855 2106 cae
872 2043 906 2105 in
921 2040 1068 2107 fontibus
1084 2042 1321 2129 campestribus
1337 2039 1548 2129 relinquun-·

331 2159 359 2207 11
381 2154 444 2211 tur.
493 2145 604 2230 itaque
634 2164 716 2229 quae
744 2165 786 2206 ex
818 2143 978 2207 imbribus
1012 2165 1097 2229 aqua
1130 2144 1296 2230 colligitur
1328 2142 1556 2209 salubrioresr

332 2263 364 2311 15
381 2247 480 2312 habet
502 2246 652 2329 virtutes,
677 2246 764 2332 quod
787 2244 920 2330 eligitur
942 2266 985 2308 ex
1007 2245 1156 2310 omnibus
1179 2245 1324 2312 fontibus
1346 2244 1524 2311 levissimis

381 2348 620 2434 subtilibusque
648 2346 880 2429 tenuitatibus,
911 2347 1030 2411 deinde
1058 2369 1116 2434 per
1142 2349 1228 2411 aeris
1257 2348 1525 2413 exercitationem

380 2450 543 2540 percolata
555 2449 804 2535 tempestatibus
819 2446 1030 2534 liquescendo
1045 2452 1195 2536 pervenit
1206 2449 1249 2513 ad
1260 2457 1390 2517 terram.
1413 2451 1525 2514 etiam-

381 2575 443 2639 que
465 2576 531 2617 non
553 2549 711 2615 crebriter
732 2552 768 2615 in
789 2552 913 2636 campis
937 2551 1104 2615 confluunt
1126 2552 1247 2617 imbres
1270 2552 1385 2615 sedin
1406 2553 1524 2617 monti·

382 2655 442 2720 bus
464 2663 521 2718 aut
542 2652 585 2716 ad
606 2653 695 2739 ipsos
718 2660 861 2736 montes,
884 2651 959 2717 idco
981 2652 1070 2738 quod
1090 2673 1219 2718 umores
1243 2675 1286 2717 ex
1311 2662 1399 2718 terra
1420 2662 1523 2718 matu·

330 2757 449 2823 totino
472 2754 549 2821 solis
573 2761 646 2819 ortu
658 2755 739 2818 moti
754 2774 827 2819 cum
843 2763 918 2820 sunt
941 2755 1079 2839 egressi,
1103 2756 1138 2819 in
1153 2776 1378 2842 quamcunque
1399 2764 1526 2842 partem

382 2858 464 2923 caeli
492 2866 568 2933 sunt
594 2853 783 2941 proclinati,
812 2856 949 2922 trudunt
974 2878 1066 2941 aera,
1095 2856 1215 2921 deinde
1241 2880 1314 2922 cum
1341 2867 1418 2922 sunt
1445 2859 1525 2922 moti

381 2969 513 3048 propter
534 2957 734 3021 vacuitatem
754 2956 817 3022 loci
839 2969 914 3046 post
935 2966 972 3023 'se
986 2959 1148 3046 recipiunt
1168 2960 1253 3025 aeris
1267 2960 1392 3024 ruentis
1406 2958 1533 3025 undas..

381 3085 437 3127 aer
458 3069 567 3125 autem
587 3059 644 3145 qui
665 3059 731 3122 ruit
751 3058 886 3123 trudens
903 3082 1106 3147 quocumque
1127 3083 1272 3125 umorem
1293 3082 1352 3148 per
1366 3061 1436 3124 vim
1458 3063 1523 3148 spi·
1542 3076 1557 3122 2

380 3167 463 3230 ritus
491 3164 631 3250 impetus
654 3169 687 3225 et
707 3162 812 3225 undas
835 3170 1016 3226 crescentes
1045 3161 1124 3227 facit
1146 3172 1328 3228 ventorum.
1372 3184 1393 3226 a
1415 3162 1524 3226 ventis

329 3283 362 3332 25
381 3276 489 3332 autem
517 3284 720 3353 quocumque
747 3263 897 3328 ferrmtur
922 3284 1051 3328 umores
1082 3263 1270 3350 conglobati
1302 3285 1344 3328 ex
1377 3263 1525 3329 fontibus

451 3520 464 3566 l
483 3518 700 3582 intervallaque:
728 3521 765 3599 stc
788 3521 873 3571 ΕΘΗ.
896 3517 909 3587 ΙΙ
931 3521 1041 3572 umbres
1063 3525 1095 3572 lc.
1119 3517 1132 3587 ΙΙ
1156 3523 1269 3572 2nives
1288 3523 1323 3574 ab
1393 3523 1526 3572 montium

381 3601 434 3651 ibi:
453 3606 490 3652 sic
508 3602 593 3658 ΕΘΗ,
615 3601 627 3671 ΙΙ
650 3604 760 3653 umbras
778 3611 837 3654 ante
854 3621 922 3659 corr.
942 3607 978 3656 H.
1001 3601 1014 3671 {l
1035 3607 1052 3655 4
1070 3604 1214 3656 adinfimas
1231 3606 1311 3657 ΕΘΗ
1323 3604 1365 3669 (Ε,
1379 3605 1526 3657 abintimas

381 3687 420 3749 cli,
440 3687 590 3738 aoimfimas
608 3697 668 3739 onte
686 3705 754 3739 corr.
773 3688 801 3751 1).
820 3684 863 3754 115
882 3693 977 3740 ructus
989 3689 1038 3740 ΕΘ
1056 3689 1115 3753 (aed
1126 3689 1161 3739 Gc
1177 3693 1204 3739 in
1215 3707 1295 3756 mnrp.
1312 3692 1324 3740 i
1342 3690 1373 3741 al
1390 3689 1524 3754 fructuslz

383 3771 489 3821 fructus
507 3775 539 3822 H
554 3771 633 3839 (Llc).
658 3770 670 3838 ΙΙ
693 3774 893 3839 campestribus
917 3778 1010 3825 autem
1027 3774 1097 3825 locis
1120 3775 1273 3827 contrario:
1296 3776 1334 3825 sic
1357 3775 1445 3826 ΕΘΗ.
1469 3770 1481 3839 ΙΙ
1509 3778 1524 3825 'l

381 3872 445 3906 nam
469 3871 668 3924 quaecumque:
695 3861 732 3909 stc
758 3858 837 3908 EGH
865 3852 1055 3924 (namque(qnq
1076 3858 1186 3916 EG0L0)
1209 3874 1325 3923 cumque
1348 3859 1410 3924 ΕΘ,
1432 3873 1525 3924 namq3

382 3956 470 4007 cumq3
494 3943 523 3991 H
544 3941 623 4006 (ΕΗ).
650 3940 662 4010 ΙΙ
691 3946 723 3994 10
743 3943 856 3994 humore
878 3947 911 3993 lc.
939 3940 952 4008 ΙΙ
980 3958 1050 4007 quae
1072 3946 1149 3993 sunt:
1176 3946 1214 3994 stc
1235 3943 1322 3996 ΕΘΗ.
1345 3939 1358 4010 ΙΙ
1385 3960 1526 4009 apparan-

381 4029 424 4076 tes
444 4028 478 4076 H.
502 4023 514 4093 ΙΙ
537 4030 568 4077 11
588 4044 636 4080 aer
654 4043 776 4079 avocans
793 4029 864 4081 Joc:
889 4042 1061 4090 aerayoeans
1081 4029 1115 4086 H,
1134 4043 1201 4078 aera
1218 4043 1323 4079 vocans
1340 4027 1391 4078 ΕΘ
1409 4025 1488 4092 (Llc).
1509 4026 1522 4092 ΙΙ

383 4113 414 4160 12
437 4112 542 4177 impetu
565 4109 611 4175 (ear
627 4114 704 4177 —ti1)
728 4115 772 4166 60.
795 4109 807 4179 ΙΙ
835 4127 944 4178 queque
967 4112 1029 4162 EG:
1057 4125 1139 4177 quaq3
1161 4113 1190 4162 H
1213 4112 1260 4176 (Id
1279 4120 1305 4162 et
1327 4119 1386 4162 ante
1407 4128 1486 4169 eom,
1501 4129 1524 4173 c,

381 4211 505 4260 quaeque
518 4196 582 4260 cot).
598 4194 612 4265 ΙΙ
627 4202 658 4250 13
671 4214 722 4248 eae
735 4199 813 4248 ΕΘΗ
825 4195 889 4261 (hac
902 4195 970 4260 Llc).
987 4193 1000 4263 ll
1015 4197 1138 4249 fontibus
1150 4197 1212 4250 EG:
1225 4197 1363 4249 frontibus
1376 4197 1404 4246 H
1416 4194 1497 4262 (ΕΗ).
1509 4194 1522 4257 ll

319 4328 324 4333 ,
382 4281 414 4330 15
431 4281 548 4332 virtutes
567 4284 652 4347 quod:
670 4285 707 4334 sic
725 4284 811 4334 ΕΘΗ.
834 4279 846 4348 ΙΙ
870 4284 902 4332 16
919 4280 1022 4333 deinde
1036 4308 1069 4318 -
1083 4282 1292 4349 tempestatibus
1311 4297 1358 4332 om.
1384 4281 1416 4330 Ε.
1438 4277 1451 4346 ll
1474 4296 1524 4347 per

382 4383 454 4433 aeris
478 4386 499 4436 Θ
522 4383 617 4453 (Lsslc):
645 4385 751 4450 peteris
777 4392 836 4435 ante
858 4400 926 4435 corr.
950 4384 982 4433 H
1001 4370 1117 4450 (perfetis
1148 4386 1200 4444 Hc,
1232 4386 1299 4434 unde
1325 4385 1433 4447 peratis
1463 4390 1524 4434 ante

382 4482 451 4518 corr.
474 4469 519 4534 L).
548 4466 560 4536 Ι]
587 4472 621 4521 20
642 4470 709 4520 moti
732 4464 792 4519 cnm
819 4469 897 4519 ΕΘΗ
919 4468 967 4532 (Ε,
995 4469 1130 4521 modicum
1152 4468 1195 4534 lc).
1224 4464 1237 4536 l}
1265 4483 1436 4533 quacumque
1464 4475 1525 4519 ante

382 4565 451 4602 corr.
469 4554 495 4602 Ε
512 4552 552 4618 (t).
576 4551 589 4622 11
609 4556 641 4603 22
660 4554 765 4604 ruentis
782 4569 841 4618 epo:
870 4556 981 4605 ruentes
1004 4554 1089 4605 ΕΘΗ.
1111 4550 1124 4621 [Ι
1142 4556 1175 4604 23
1194 4553 1308 4619 spiritus
1324 4553 1458 4618 impetus:
1487 4554 1527 4602 sic

382 4633 468 4686 ΕΘΗ.
490 4633 502 4703 ΙΙ
521 4640 555 4688 25
572 4640 699 4689 feruntur
716 4639 833 4688 E⁶G⁶H0
850 4635 931 4702 (Llc):
951 4638 1093 4689 seruantur
1109 4644 1169 4689 ante
1186 4653 1255 4689 corr.
1273 4638 1310 4701 H,
1328 4638 1453 4688 ferentur
1464 4644 1526 4687 ante

381 4733 452 4774 corr.
470 4720 528 4776 ΕΘ.
