3784 5625
566 635 613 682 nn
636 636 798 685 nrvnasm
821 635 981 685 rasurcrs
1005 632 1345 686 ancnrmcromcan.
1462 622 1524 687 311

379 809 459 875 porc
480 788 624 853 medium
646 787 802 851 circulum
824 797 988 875 sequetur,
1011 792 1137 853 aestivo
1159 799 1304 876 tempore
1319 811 1378 875 per
1391 792 1524 855 maioris

381 888 495 954 circuli
517 891 624 978 spatia
645 890 824 974 gradietur.
870 890 928 954 sed
950 913 991 954 ne
1014 914 1103 955 error
1132 892 1168 954 in
1190 890 1407 956 construendo
1429 891 1522 958 horo-

381 992 467 1077 logio
490 993 639 1077 cuiquam
662 992 828 1073 videatur,
852 991 955 1056 libero
978 991 1048 1056 loco
1070 991 1137 1056 alto
1160 992 1213 1055 vel
1235 991 1333 1078 plano
1355 994 1403 1056 sic
1424 1015 1522 1079 pona-

379 1102 433 1156 tur
455 1102 491 1156 ut
513 1092 650 1176 angulus
673 1091 769 1156 huius
793 1094 848 1178 qui
875 1091 1027 1156 occiduas
1056 1093 1150 1157 horas
1179 1091 1307 1157 notabit
1336 1102 1449 1157 contra
1469 1116 1522 1157 ae-

347 1193 611 1282 squinoetialem
644 1215 781 1257 vernum
815 1203 957 1281 spectet,
994 1193 1081 1257 unde
1114 1189 1162 1259 sol
1190 1216 1274 1259 nono
1306 1194 1373 1258 kal.
1402 1194 1522 1279 apriles

381 1297 513 1361 oriatur.
557 1295 593 1359 fit
622 1297 719 1358 ctiam
747 1296 782 1357 in
810 1318 874 1359 uno
902 1295 1069 1379 horologio
1099 1293 1222 1381 duplex
1245 1294 1424 1379 elegantiae
1447 1296 1522 1359 sub-

380 1396 493 1461 tilitas.
536 1418 611 1459 nam
634 1397 751 1459 dextra
773 1417 810 1458 ac
833 1397 967 1460 sinistra
989 1399 1193 1461 extrinsecus
1216 1398 1250 1459 in
1272 1396 1430 1461 lateribus
1454 1398 1521 1460 eius

381 1502 498 1585 quinae
525 1498 630 1562 lineae
658 1497 802 1561 directae
823 1508 988 1580 notantur,
1012 1508 1043 1561 et
1065 1509 1176 1562 ternae
1197 1506 1305 1583 partes
1329 1497 1522 1562 circulorum

380 1600 510 1685 aequali
532 1597 705 1663 intervallo
728 1600 775 1662 sic
798 1599 879 1663 fiunt
900 1609 937 1663 ut
959 1622 1023 1663 una
1039 1602 1190 1686 proxima
1213 1601 1256 1663 sit
1271 1599 1399 1683 angulis
1415 1610 1521 1686 poste·

330 1716 362 1763 10
380 1701 538 1784 rioribus,
568 1701 626 1764 ubi
648 1699 716 1764 stili
738 1709 898 1786 ponentur
921 1703 976 1787 qui
998 1703 1114 1765 umbra
1137 1723 1195 1764 sua
1217 1701 1313 1764 horas
1337 1700 1521 1785 designent,

379 1802 482 1867 altera
504 1801 645 1866 mediam
667 1801 837 1888 planitiem
859 1802 1020 1884 detineat,
1043 1805 1140 1867 tertia
1162 1824 1262 1889 prope
1285 1824 1374 1866 oram
1397 1803 1521 1867 contin-

379 1913 446 1988 gat.
490 1903 549 1967 has
578 1904 663 1967 enim
691 1911 798 1989 partes
830 1902 1024 1967 circulorum
1046 1905 1152 1968 hieme
1175 1926 1253 1967 vere
1276 1913 1308 1968 et
1329 1913 1453 1968 aestate
1475 1905 1523 1967 sie

378 2015 417 2070 ut
439 2006 575 2069 interius
597 2006 768 2089 gnomonis
790 2004 906 2069 umbra
928 2007 1086 2091 sequitur.
1123 2008 1158 2069 in
1174 2004 1302 2090 angulis
1321 2028 1399 2090 ergo
1414 2014 1521 2092 postc-

379 2107 522 2172 rioribus
550 2106 642 2170 stilos
670 2105 797 2170 modice
827 2104 975 2192 obliquos
1003 2107 1099 2191 figes,
1130 2110 1186 2193 qui
1207 2107 1324 2171 umbra
1346 2129 1405 2170 sua
1426 2106 1521 2171 horas

331 2220 361 2269 15
380 2208 564 2293 designent.
609 2210 717 2272 oriens
747 2210 832 2271 enim
863 2206 911 2271 sol
938 2209 972 2269 in
1002 2211 1107 2293 primo
1134 2207 1235 2271 latere
1260 2230 1320 2272 sex
1348 2207 1443 2271 horas
1465 2230 1520 2271 no·

379 2309 474 2394 tabit,
499 2310 650 2375 occidens
672 2308 752 2372 alias
776 2331 835 2372 sex
856 2310 890 2370 in
912 2309 1044 2372 sinistro
1067 2308 1168 2374 latere
1190 2318 1368 2395 percurret.
1401 2308 1522 2393 legitur

380 2414 479 2477 etiam
500 2411 596 2491 horas
619 2413 667 2475 sio
689 2411 871 2496 comparari
894 2407 1024 2491 debere,
1047 2411 1183 2495 primam
1206 2420 1332 2473 sextam
1348 2411 1521 2496 septimam

380 2524 412 2577 et
434 2513 661 2578 duodecimam
682 2534 746 2575 uno
770 2512 875 2596 spatio
903 2533 1118 2597 mensuraque
1141 2511 1378 2598 disponendas,
1408 2533 1520 2575 secun·

380 2614 454 2678 darn
483 2615 631 2700 quintam
658 2623 807 2678 octavam
830 2622 861 2677 et
882 2612 1088 2676 undecimam
1116 2614 1189 2700 pari
1217 2612 1412 2699 aequalitate
1435 2612 1520 2676 ordi-

329 2715 519 2799 sonandas,
548 2717 679 2779 tertiam
708 2724 855 2801 quartam
883 2736 1003 2779 nonam
1026 2725 1058 2778 et
1081 2713 1241 2777 decimam
1269 2713 1369 2778 simili
1395 2715 1522 2778 ratione

381 2818 534 2884 edendas.
579 2827 630 2882 est
652 2827 684 2881 et
705 2816 770 2880 alia
792 2817 833 2880 de
855 2816 951 2881 modo
975 2826 1006 2880 et
1028 2817 1190 2890 mensuris
1218 2816 1370 2882 horarum
1393 2837 1520 2902 compa·

343 2980 347 2985 .
380 2922 474 3003 ratio,
490 2941 587 3006 quam
603 2917 802 3005 prolixitatis
819 2939 917 2982 causa
931 2917 1203 3004 praetereundam
1218 2920 1403 3003 aestimavi,
1420 2940 1521 3005 quon-

379 3024 444 3086 iam
458 3021 540 3086 haec
554 3021 726 3105 diligentia
739 3008 782 3084 ad
798 3041 917 3107 paucos
932 3018 1110 3106 prudentes
1125 3022 1276 3106 pertinet.
1313 3043 1388 3084 nam
1410 3042 1521 3085 omnes

380 3125 460 3206 fere,
483 3125 568 3188 sicut
591 3144 689 3209 supra
710 3130 922 3186 memoratum
946 3130 1010 3206 est,
1035 3131 1132 3208 quota
1155 3123 1198 3185 sit
1220 3120 1325 3185 solum
1339 3123 1520 3207 requirunt.

329 3234 363 3284 15
465 3224 633 3304 Quantum
661 3245 736 3308 ergo
765 3224 807 3286 ad
839 3224 1005 3308 privatum
1038 3246 1133 3287 usum
1165 3231 1305 3309 spectat,
1338 3222 1521 3285 necessaria

378 3328 455 3392 huie
477 3325 587 3390 libello
610 3325 843 3390 ordinavimus.
878 3327 1050 3389 civitatum
1073 3347 1150 3389 sane
1173 3334 1205 3389 et
1219 3333 1399 3387 ceterarum
1413 3344 1520 3387 rerum

378 3430 599 3494 institutiones
622 3412 803 3514 praestanti
824 3429 1004 3514 sapientiae
1026 3426 1249 3492 memorandas
1272 3425 1472 3512 reliquimus

449 3655 461 3700 1
481 3655 611 3716 sequetur
629 3653 700 3700 Pol:
719 3650 842 3714 sequitur·
859 3667 900 3714 op.
924 3646 936 3715 (Ι
959 3651 1072 3700 maioris
1090 3667 1149 3716 epo:
1168 3650 1286 3700 maiores
1303 3667 1344 3714 op.
1365 3646 1377 3716 ΙΙ
1398 3652 1415 3699 4
1434 3666 1520 3716 angu-

379 3735 421 3787 los
506 3736 719 3788 occidebas
739 3735 845 3784 notauit
862 3751 894 3798 υ11
914 3732 993 3797 (corr.
1014 3735 1076 3798 ed).
1099 3731 1112 3800 1(
1134 3734 1290 3799 5111111111,
1310 3734 1397 3800 11113
1418 3751 1446 3798 11.
1470 3731 1482 3800 (Ι
1505 3737 1520 3785 6

380 3821 463 3871 etiam
480 3835 534 3870 uno
552 3837 592 3884 1111.
617 3817 629 3884 ll
650 3820 666 3869 8
685 3823 762 3884 terne
779 3836 812 3882 p:
836 3820 941 3870 terniue
959 3837 981 3868 υ.
1006 3815 1017 3884 ll
1041 3821 1056 3869 9
1076 3817 1142 3867 fiunt
1160 3821 1215 3871 ed:
1238 3820 1315 3870 viant
1332 3837 1354 3878 a,
1373 3818 1442 3868 fiant
1458 3837 1483 3882 11.
1506 3817 1518 3883 tl

380 3904 496 3975 angulos
513 3921 541 3968 11.
564 3899 578 3970 (Ι
601 3906 632 3953 10
650 3903 719 3952 stilli
737 3920 778 3967 op.
801 3899 813 3967 1(
837 3903 982 3968 designent
1000 3904 1054 3955 ed:
1074 3903 1203 3967 designat
1219 3921 1241 3964 v,
1262 3901 1384 3967 design&
1399 3919 1428 3966 11.
1452 3898 1465 3967 l]
1489 3906 1518 3951 11

380 3988 469 4038 altera
487 3989 542 4040 ed:
563 3988 633 4037 alter
650 4004 689 4051 cp.
714 3984 726 4053 1(
749 4003 824 4037 oram
844 3987 926 4036 Man:
951 4002 1000 4036 ora
1017 4004 1043 4045 υ,
1062 3987 1131 4035 hora
1146 4003 1174 4050 11.
1198 3983 1209 4052 [l
1235 3989 1265 4035 12
1284 3985 1447 4036 circulorum
1465 3988 1519 4037 ed:

379 4071 485 4123 circulis
503 4089 543 4136 op.
566 4068 579 4137 Ι(
606 4075 637 4122 13
655 4072 804 4136 griornonis
825 4089 857 4136 op
875 4072 914 4134 (ut
934 4087 1014 4134 supra
1034 4073 1093 4130 310,
1112 4074 1128 4120 8
1145 4075 1214 4122 solus
1232 4069 1265 4135 v).
1290 4067 1303 4138 ss
1330 4072 1362 4120 14
1385 4070 1476 4120 stillas
1497 4089 1519 4130 v,

378 4157 467 4208 stilles
484 4173 511 4220 11.
535 4154 547 4223 ll
570 4155 695 4220 obliquos
712 4174 742 4221 p:
768 4157 875 4206 oblicus
897 4174 919 4207 v.
941 4152 954 4222 Ι(
978 4157 1009 4206 15
1027 4156 1174 4220 designent
1195 4172 1226 4219 p:
1251 4155 1439 4206 demonstrent
1461 4172 1484 4209 o.
1505 4152 1520 4221 ΙΙ

378 4240 489 4291 notabit
506 4242 560 4293 ed:
580 4242 689 4290 notauit
706 4258 746 4304 vp.
768 4237 780 4306 Ι(
804 4241 836 4289 16
853 4245 997 4304 percurret
1010 4241 1064 4291 ed:
1083 4240 1154 4288 -rit
1170 4258 1210 4305 op.
1233 4236 1245 4305 ll
1269 4242 1300 4290 17
1318 4239 1467 4303 sicon(sreo
1479 4237 1521 4304 11)·

378 4324 472 4389 parari
490 4341 530 4388 op.
550 4320 562 4389 Ι(
586 4328 672 4390 prima
688 4341 719 4388 p:
749 4323 838 4390 prima
855 4342 876 4374 a.
903 4320 915 4390 ll
937 4328 1018 4374 sexta
1040 4325 1158 4394 septima
1182 4330 1209 4375 et
1232 4324 1457 4377 duodecima
1477 4339 1520 4374 se-

380 4408 470 4460 cunda
488 4409 583 4472 quinta
602 4412 703 4458 octava
722 4415 749 4458 et
767 4409 912 4458 undecima
998 4409 1081 4458 tertia
1100 4412 1200 4473 quarta
1218 4424 1291 4459 nona
1311 4406 1368 4475 (sic)
1386 4427 1428 4473 op.
1452 4405 1465 4475 ΙΙ
1487 4410 1520 4458 20

380 4499 408 4544 et
427 4492 560 4542 decimam
579 4495 639 4544 add.
652 4494 737 4547 Mau:
756 4510 802 4546 om.
821 4511 861 4557 op.
885 4491 897 4558 (1
920 4496 951 4542 21
972 4491 1091 4543 edendas
1110 4495 1165 4543 ed:
1185 4493 1324 4544 dedendas
1343 4511 1384 4558 op.
1407 4490 1419 4559 (Ι
1441 4493 1520 4544 modo

378 4595 408 4644 p:
427 4577 506 4627 domo
523 4573 581 4669 agl
594 4580 687 4645 'oraru
704 4595 726 4631 v.
748 4574 759 4643 (1
779 4580 812 4628 25
830 4582 940 4643 spectat
958 4579 1012 4627 ed:
1039 4582 1169 4642 expectat
1185 4596 1225 4643 op.
1246 4575 1258 4644 ΙΙ
1280 4581 1313 4629 26
1332 4579 1473 4630 civitatum
1486 4604 1520 4614 —

380 4680 455 4745 (reris
473 4694 562 4753 rerum
585 4681 633 4747 sic)
644 4706 676 4715 —
689 4666 818 4748 reliquos
838 4679 1027 4747 (relinquimus
1039 4682 1102 4732 Par.
1116 4688 1141 4731 et
1162 4681 1221 4730 Vat.
1241 4679 1282 4745 2):
1301 4698 1348 4735 om.
1362 4699 1382 4746 11
1402 4681 1437 4746 (et
1455 4681 1518 4746 ed).
