3784 5625
383 611 444 672 100
479 603 482 608 ’
869 622 1027 668 vrrsuvu

382 798 574 863 supereum
595 775 756 863 apophysi
778 797 922 839 crassum
945 782 1100 860 quantum
1122 772 1277 861 plinthus.
1325 775 1480 862 capituli
1501 776 1548 839 al·

305 943 309 955 ,
380 877 487 942 titudo
510 875 647 940 dimidia
670 875 906 940 crassitudinis.
951 875 1046 939 abaci
1067 873 1204 939 latitudo
1220 884 1346 960 quanta
1361 877 1546 964 ima-cras-

381 978 490 1044 situdo
514 977 690 1043 columnae.
743 977 941 1065 capitulique
964 975 1147 1040 crassitudo
1170 974 1341 1040 dividatur
1363 977 1404 1041 in
1429 988 1545 1065 partes

380 1090 463 1162 tres,
493 1103 511 1143 e
534 1079 651 1166 quibus
673 1102 737 1142 una
760 1077 902 1165 plintho,
932 1099 1015 1163 quae
1038 1085 1087 1140 est
1108 1098 1167 1163 pro
1189 1076 1307 1158 abaco,
1342 1077 1474 1163 detur,
1498 1079 1543 1143 al-

346 1192 449 1246 otera
478 1181 609 1264 echino,
640 1181 738 1245 tertia
765 1178 1011 1266 hypotrachelio
1040 1200 1113 1241 cum
1134 1177 1306 1266 apophysi.
1354 1202 1468 1266 supra
1492 1195 1575 1246 cot

378 1281 505 1346 lumnas
533 1283 641 1345 trabes
670 1279 876 1368 compactiles
899 1281 1098 1366 inponantur
1119 1278 1303 1343 altitudinis
1333 1281 1493 1346 modulis
1515 1284 1542 1346 is

381 1385 437 1471 qui
451 1407 470 1447 a
485 1382 711 1468 magnitudine
727 1383 833 1469 operis
855 1380 1116 1468 postulabuntur.
1162 1402 1283 1467 eaeque
1303 1381 1425 1446 trabes
1452 1405 1541 1448 com-

379 1482 516 1571 pactiles
533 1505 603 1546 eam
618 1483 759 1547 habeant
775 1482 1039 1564 crassitudinem,
1064 1490 1184 1567 quanta
1198 1503 1343 1545 summae
1359 1481 1541 1548 columnae

381 1585 442 1648 erit
469 1583 768 1670 hypotrachelium,
802 1594 833 1648 et
862 1584 909 1646 ita
936 1585 1002 1646 sint
1030 1592 1216 1669 compactae
1244 1583 1477 1650 subscudibus
1509 1596 1539 1650 et

331 1698 362 1745 10
381 1684 547 1749 securiclis
580 1695 616 1749 ut
647 1695 855 1772 compactura
883 1684 1021 1748 duorum
1054 1683 1232 1768 digitorum
1264 1683 1412 1748 habeant
1442 1685 1537 1750 laxa·

380 1788 512 1851 tionem.
565 1809 638 1850 cum
661 1788 748 1850 enim
770 1788 855 1850 inter
877 1807 912 1848 se
933 1795 1073 1870 tangunt
1095 1795 1127 1848 et
1147 1806 1213 1849 non
1235 1786 1484 1872 spiramentum
1506 1799 1538 1853 et

380 1887 553 1975 perflatum
581 1891 683 1958 venti,
698 1889 875 1974 recipiunt,
905 1885 1201 1951 concalefaciuntur
1228 1896 1260 1950 ct
1288 1884 1448 1953 celeriter
1477 1913 1535 1978 pu-

379 1999 536 2053 trescunt.
586 2011 685 2076 supra
711 1987 821 2052 trabes
851 1999 883 2052 et
911 2010 1010 2075 supra
1037 1989 1178 2074 parietes
1201 1990 1398 2053 traiecturae
1422 2001 1566 2056 mutu-5

379 2091 484 2157 lorum
511 2100 602 2178 parte
634 2109 690 2154 1111
719 2089 903 2154 altitudinis
932 2088 1100 2153 columnae
1132 2090 1350 2176 proiciantur,
1384 2091 1472 2154 item
1501 2093 1535 2155 in

331 2203 491 2257 locorum
523 2190 686 2256 frontibus
719 2201 971 2277 antepagmenta
997 2190 1154 2275 figantur,
1184 2211 1345 2277 supraque
1374 2213 1414 2255 ea
1443 2201 1532 2278 tym-

379 2315 501 2380 panum
528 2292 654 2378 fastigii
682 2302 845 2358 structura
873 2314 931 2356 seu
958 2292 998 2354 de
1025 2292 1161 2355 materia
1184 2291 1388 2373 conlocetur,
1412 2315 1532 2379 supra-

329 2408 334 2416 '
380 2417 442 2482 que
464 2395 500 2458 id
522 2394 692 2479 fastigium
715 2391 877 2475 columen,
902 2391 1075 2473 cantherii,
1106 2391 1227 2478 templa
1248 2393 1296 2456 ita
1312 2402 1395 2456 sunt
1417 2393 1531 2459 conlo·

380 2495 484 2559 canda
505 2506 541 2559 ut
563 2493 767 2559 stillicidium
789 2495 868 2557 tecti
889 2491 1034 2557 absoluti
1055 2494 1199 2556 tertiario
1221 2493 1428 2579 respondeat.

464 2595 566 2659 Fiunt
580 2605 690 2658 autem
711 2594 808 2657 aedes
830 2594 1005 2674 rotundae,
1030 2616 1047 2656 e
1069 2593 1186 2679 quibus
1208 2592 1292 2658 aliae
1313 2605 1530 2681 monopteroe
1542 2609 1611 2675 (vllll

239 2727 241 2730 ⁴
328 2698 451 2760 sosine
480 2694 561 2758 cella
588 2694 788 2759 columnatae
817 2697 1074 2778 constituuntur,
1096 2693 1181 2759 aliae
1203 2695 1388 2781 peripteroe
1410 2697 1528 2762 dicun-

379 2806 442 2861 tur.
487 2818 569 2881 quae
597 2797 666 2859 sine
694 2792 775 2858 cella
797 2794 895 2876 fiunt,
923 2793 1067 2859 tribunal
1088 2795 1211 2860 habent
1234 2805 1266 2861 et
1287 2819 1463 2862 ascensum
1486 2822 1530 2864 ex

379 2918 438 2961 sua
453 2935 456 2941 -
471 2898 629 2960 diametro
662 2897 777 2959 tertiae
809 2898 922 2983 partis.
978 2898 1111 2985 insuper
1144 2896 1325 2984 stylobatas
1354 2898 1528 2964 columnae

381 2998 621 3062 constituuntur
653 3007 720 3061 tam
747 2996 832 3061 altae
864 3009 984 3084 quanta
1010 2999 1053 3062 ab
1081 3000 1235 3067 extremis
1263 3000 1446 3086 parietibus
1477 3012 1527 3090 est

379 3098 554 3164 diametros
582 3097 833 3187 stylobatam,
861 3122 988 3164 crassae
1015 3099 1197 3165 altitudinis
1227 3123 1304 3165 suae
1331 3122 1407 3165 cum
1435 3104 1526 3190 capi-

325 3191 456 3269 attulis
486 3209 518 3264 et
546 3200 642 3288 spiris
671 3200 825 3264 decumae
853 3204 967 3289 partis.
1019 3200 1209 3287 epistylium
1230 3201 1333 3266 altum
1355 3201 1527 3268 columnae

288 3302 300 3316 '
379 3301 607 3366 crassitudinis
635 3302 772 3365 dimidia
799 3312 901 3389 parte.
953 3303 1114 3389 zophorus
1143 3313 1175 3366 et
1207 3302 1334 3389 reliqua
1361 3325 1446 3389 quae
1475 3306 1525 3368 in-

449 3558 615 3622 lapopbysi
633 3558 671 3606 L:
699 3559 814 3623 apopysi
835 3561 868 3608 H
886 3558 941 3623 (lc),
968 3560 1075 3626 apopisi
1096 3561 1124 3613 G.
1154 3556 1167 3626 ll
1192 3561 1209 3609 4
1231 3564 1288 3610 tres
1310 3561 1342 3609 Η
1362 3559 1447 3623 (ΙᾸο);
1471 3561 1526 3611 111.

382 3644 410 3695 G.
437 3637 449 3709 [l
474 3657 523 3706 pro
547 3643 634 3692 abaco
656 3644 735 3693 Post:
762 3643 881 3693 inabaco
906 3644 964 3693 GH.
995 3640 1008 3709 ll
1035 3643 1203 3708 5apophysi
1225 3645 1257 3693 H
1281 3643 1344 3708 (Le,
1373 3645 1472 3709 -pysi
1495 3645 1526 3709 1),

381 3726 489 3791 apopisi
509 3726 538 3780 G.
560 3721 573 3792 ss
595 3725 735 3776 columnas
754 3742 800 3778 om.
821 3731 842 3779 G
861 3726 998 3790 (interlin.
1017 3729 1077 3776 add.
1099 3728 1152 3791 ὅθ).
1173 3724 1186 3793 Η
1213 3730 1228 3777 6
1247 3730 1415 3793 inponantur
1432 3732 1463 3777 ut
1483 3729 1525 3777 al-

379 3809 507 3860 titudinis
528 3810 580 3860 GH
596 3809 637 3872 (ut
660 3811 709 3874 del.
728 3811 806 3868 Lor..
830 3813 871 3861 uti
894 3813 950 3860 sint
969 3811 1017 3860 alt.
1035 3812 1112 3875 doc).
1132 3808 1144 3877 ll
1166 3814 1203 3861 is:
1227 3813 1271 3861 his
1291 3812 1349 3862 GH.
1370 3807 1383 3877 ll
1406 3814 1421 3861 7
1441 3812 1490 3877 qui
1509 3830 1526 3862 a

378 3895 449 3945 Jocr
470 3908 524 3958 qua
544 3894 602 3945 GH.
624 3890 636 3961 ll
657 3894 869 3959 postulabuntur
886 3896 958 3945 Jocz
977 3894 1112 3944 —bantur
1131 3896 1189 3949 GH.
1207 3892 1349 3962 {leaeque
1365 3895 1393 3951 G,
1414 3912 1525 3961 eaeque

378 3978 410 4025 H
436 3976 556 4041 (haeque
580 3975 647 4041 Lo).
676 3973 689 4044 ll
721 3978 891 4043 conpactiles
920 3983 1058 4042 ponantur
1084 3984 1114 4029 ut
1142 3996 1202 4029 eam
1233 3979 1285 4029 GH
1310 3980 1525 4044 (dittopraphiam

376 4063 515 4127 scriptoris
533 4065 569 4112 ud
584 4080 606 4111 υ,
627 4064 820 4125 crespiniensis
837 4063 886 4111 del.
905 4061 1071 4125 Larentzen).
1095 4059 1108 4128 ΙΙ
1136 4066 1167 4114 10
1180 4063 1323 4113 securiclis
1343 4063 1396 4111 GH
1416 4063 1461 4125 (L,
1481 4078 1525 4113 se-

379 4145 480 4195 curidis
503 4145 545 4207 lc).
571 4140 584 4211 ll
610 4148 779 4209 conpactura
859 4145 995 4197 habeant:
1023 4149 1061 4196 sic
1085 4148 1143 4197 GH.
1163 4144 1175 4214 ΙΙ
1195 4148 1226 4196 15
1250 4147 1386 4198 frontibus
1409 4147 1432 4195 G
1455 4148 1524 4211 (l²):

378 4228 521 4292 prontibus
538 4229 570 4277 H
587 4228 664 4292 (Llc).
685 4224 697 4294 Η
716 4228 836 4293 figantur
855 4229 888 4278 G:
908 4227 1026 4279 ficantur
1043 4231 1075 4279 H
1091 4232 1168 4295 (Llr).
1190 4228 1202 4296 ll
1222 4246 1256 4279 ea
1275 4230 1381 4296 (tymp.)
1400 4232 1476 4282 Joc.:
1496 4236 1527 4283 id

380 4312 438 4364 GH.
460 4309 473 4378 ll
492 4314 523 4361 16
542 4317 680 4362 structura
698 4326 747 4361 seu
765 4311 811 4363 de:
830 4314 868 4361 sic
888 4313 944 4362 GH.
970 4309 982 4380 ΙΙ
1008 4318 1040 4365 17
1058 4316 1086 4364 id
1105 4314 1191 4379 (fast.)
1215 4317 1286 4367 loa:
1312 4316 1359 4364 eni
1383 4315 1405 4364 G
1430 4315 1478 4378 (θε
1496 4320 1525 4367 in

377 4411 456 4460 marp.
476 4395 487 4444 i
505 4396 536 4446 al
553 4389 609 4460 eri),
629 4411 689 4445 eum
707 4396 739 4444 H
746 4394 823 4458 (Lle).
843 4391 856 4462 ll
878 4399 908 4447 19
920 4401 1098 4463 monopteroe
1118 4399 1172 4449 GH
1187 4395 1214 4462 (Ι,
1228 4415 1309 4465 -rop
1320 4400 1352 4459 L,
1368 4414 1433 4449 -ro
1443 4400 1496 4465 cle).
1510 4403 1521 4463 l,

377 4480 410 4527 20
427 4480 584 4544 peripteroe
604 4479 657 4528 GH
673 4479 701 4540 (l.
712 4495 794 4545 -roe
811 4480 842 4538 L,
863 4498 925 4531 —ro
944 4483 1088 4531 edicuntur
1106 4483 1155 4544 rt).
1172 4478 1183 4548 ll
1201 4483 1233 4531 21
1246 4483 1362 4533 hahent:
1380 4485 1420 4533 sic
1434 4484 1496 4539 GH.
1510 4493 1521 4542 ἓ,

377 4563 409 4609 22
428 4577 479 4612 sua
495 4563 527 4612 H
542 4560 625 4626 (Llclr
645 4576 694 4611 suo
715 4562 744 4613 G.
763 4557 775 4628 ll
797 4563 952 4627 stylobatas
970 4567 1049 4618 Post:
1069 4571 1132 4615 -ta
1152 4567 1205 4617 GH
1219 4564 1369 4631 (—teLlc).
1389 4562 1402 4632 ll
1424 4568 1460 4616 25
1475 4570 1524 4620 de·

336 4702 338 4705 .
378 4657 472 4694 cumae
490 4647 522 4721 H
538 4644 620 4710 (Llclz
641 4644 745 4710 decime
766 4646 794 4694 G.
814 4642 826 4710 ll
850 4649 882 4697 2ss
901 4648 1037 4712 zophorus
1054 4652 1124 4702 Joc:
1144 4665 1236 4699 -rum
1257 4651 1314 4701 GH.
