3784 5625
376 680 420 748 54
782 711 784 716 ’
873 693 1032 741 vlrrevlr

378 849 535 937 disseptio
558 849 661 933 cogit,
689 849 738 912 sic
759 848 822 912 erit
840 845 1040 911 faciundum.
1084 844 1189 910 solum
1216 843 1425 908 substruatur
1445 842 1525 924 alte,

378 962 414 1017 ut
436 952 502 1017 sint
523 949 637 1015 intacti
659 948 702 1014 ab
724 949 843 1013 rudere
870 958 903 1013 et
924 949 1126 1035 pavimento.
1169 946 1279 1012 obruti
1306 945 1451 1009 enimin
1472 944 1526 1008 his

379 1075 451 1118 cum
473 1061 565 1136 sunt,
594 1060 757 1116 vetustate
784 1049 1042 1132 marcidifiunt,
1072 1047 1192 1111 deinde
1219 1046 1428 1112 subsidentes
1450 1067 1526 1134 pro·
1589 1074 1593 1087 =

379 1154 541 1221 elinantur
563 1163 595 1218 et
617 1151 826 1240 disrumpunt
847 1153 989 1239 speeiem
1011 1151 1232 1216 tectoriorum.

346 1268 362 1318 t
464 1256 516 1321 Dc
533 1253 712 1342 parietibus
734 1263 767 1318 et
788 1254 999 1342 apparatione
1020 1253 1203 1337 generatim
1223 1252 1379 1316 materiae
1401 1272 1527 1331 eorum,

379 1356 497 1445 quibus
513 1357 580 1421 sint
594 1353 772 1419 virtutibus
788 1363 820 1418 et
835 1355 942 1437 vitiis,
967 1352 1239 1440 quemadmodum
1261 1353 1353 1440 potui
1376 1353 1528 1437 exposui,

378 1457 421 1523 dc
442 1454 741 1544 contignationibus
768 1466 877 1521 autem
908 1464 940 1520 et
967 1457 1071 1543 copiis
1095 1477 1221 1537 earum,
1250 1453 1369 1542 quibus
1397 1475 1528 1540 compa-

380 1567 493 1625 rentur
507 1567 544 1623 ut
565 1558 608 1622 ad
631 1566 828 1623 vetustatem
849 1580 915 1622 non
937 1558 1004 1622 sint
1025 1556 1183 1638 infirmae,
1206 1558 1256 1620 uti
1278 1565 1395 1621 natura
1417 1577 1530 1620 rerum

381 1668 541 1726 monstrat
563 1657 746 1746 explicabo.

330 1770 369 1823 lx
465 1760 619 1827 Materies
648 1760 814 1825 caedenda
841 1770 891 1825 est
918 1784 938 1824 a
967 1762 1071 1847 primo
1098 1770 1253 1825 autumno
1275 1759 1319 1823 ad
1340 1759 1376 1824 id
1397 1769 1561 1846 tempus1

332 1874 361 1923 11
382 1861 468 1950 quod
495 1863 556 1928 crit
580 1871 754 1949 antequam
785 1861 863 1926 flare
893 1862 1031 1948 incipiat
1058 1860 1220 1927 favonius.
1249 1883 1328 1925 vere
1350 1864 1438 1926 enim
1460 1886 1528 1926 om-

381 1985 439 2030 nes
471 1963 603 2029 arbores
635 1962 717 2028 fiunt
744 1973 958 2049 praegnantes
995 1974 1027 2028 et
1056 1985 1169 2028 omnes
1204 1985 1281 2027 suae
1313 1964 1528 2051 proprietatis
1555 1970 1559 1976 '

382 2067 538 2133 virtutem
582 2064 718 2129 efferunt
765 2067 799 2129 in
843 2064 993 2130 frondem
1039 2066 1346 2151 anniversariosque
1388 2064 1528 2130 fructus.

382 2189 454 2232 cum
484 2188 561 2254 ergo
593 2167 706 2231 inanes
738 2174 769 2231 et
806 2167 950 2231 tumidae
977 2176 1160 2254 temporum
1186 2169 1381 2232 necessitate
1416 2189 1529 2230 eorum

332 2277 363 2329 lt
381 2268 517 2354 fuerint,
547 2289 651 2334 vanae
677 2266 759 2335 fiunt
787 2277 819 2333 et
840 2268 1031 2334 raritatibus
1050 2267 1243 2350 inbecillae,
1266 2269 1316 2333 uti
1338 2270 1437 2332 etiam
1460 2290 1529 2332 cor·

381 2393 460 2459 pora
487 2369 660 2439 muliebria
682 2391 754 2441 cum
777 2372 1002 2458 conceperint,
1031 2369 1074 2446 ad
1096 2370 1183 2434 fetus
1204 2380 1333 2457 partum
1354 2392 1421 2435 non
1443 2369 1529 2433 iudi-

382 2482 496 2539 cantur
516 2473 659 2558 integra,
683 2493 789 2558 neque
811 2473 846 2537 in
868 2471 1040 2537 venalibus
1064 2494 1196 2536 escum
1219 2482 1294 2537 sunt
1314 2474 1530 2559 praegnantis

382 2582 588 2661 praestantur
602 2594 691 2654 sana,
714 2572 788 2639 ideo
805 2574 891 2660 quod
907 2576 941 2638 in
957 2595 1090 2661 corpore
1106 2575 1354 2659 praeseminatio
1378 2595 1528 2639 crescens

383 2694 424 2738 ex
458 2672 606 2738 omnibus
630 2672 695 2736 eibi
718 2674 936 2760 potestatibus
961 2674 1103 2740 detrahit
1123 2673 1314 2740 alimentum
1346 2676 1382 2738 in
1410 2698 1463 2756 se,
1498 2685 1530 2739 et

332 2787 365 2836 to
383 2796 446 2863 quo
474 2773 597 2840 tirmior
625 2773 767 2842 efficitur
794 2774 836 2839 ad
864 2777 1084 2842 maturitatem
1113 2784 1242 2863 partus,
1271 2798 1308 2842 eo
1338 2778 1448 2841 minus
1471 2799 1529 2864 pa-

380 2877 462 2941 titur
477 2896 548 2940 esse
565 2875 706 2940 solidum
721 2877 757 2940 id
780 2898 822 2941 ex
844 2900 907 2963 quo
929 2880 1038 2965 ipsum
1060 2889 1259 2966 procreatur.
1303 2882 1414 2964 itaque
1439 2878 1528 2944 edito

384 2976 453 3041 fetu
469 2976 556 3064 quod
572 2978 661 3064 prius
677 2979 712 3043 in
734 2977 825 3042 aliud
846 3000 950 3064 genus
973 2981 1164 3044 incrementi
1187 2980 1431 3063 detrahebatur,
1456 3003 1529 3044 eum

383 3077 425 3144 ab
448 3076 671 3168 disparatione
692 3081 927 3168 procreationis
951 3090 1000 3146 est
1021 3081 1211 3166 liberatum,
1241 3083 1395 3147 inanibus
1418 3093 1451 3146 et
1473 3105 1528 3168 pa-

384 3180 528 3247 tentibus
556 3183 650 3248 venis
673 3184 708 3247 in
730 3204 765 3247 se
786 3183 920 3270 recipit,
945 3192 977 3248 et
999 3182 1173 3248 lambendo
1196 3206 1308 3248 sucum
1330 3174 1430 3249 etiam
1453 3182 1528 3248 soli-

333 3293 366 3341 st
385 3281 490 3348 deecit
517 3292 550 3347 et
577 3283 664 3349 redit
691 3285 726 3348 in
747 3285 920 3371 pristinam
943 3294 1077 3349 naturae
1100 3285 1296 3350 firmitatem.
1341 3286 1456 3349 eadem
1478 3298 1561 3349 νει-2

383 3383 470 3446 tione
501 3384 681 3448 itrrtumnali
714 3394 860 3471 tempore
898 3386 1085 3451 maturitate
1117 3385 1281 3451 fruetuum
1313 3386 1529 3452 flaccescente

388 3528 614 3538 -·--.-...-...

452 3605 464 3652 1
485 3602 619 3670 disruptio
632 3607 661 3656 Η
670 3602 753 3672 (Lie):
767 3607 891 3673 deceptio
905 3609 934 3658 G.
953 3605 965 3674 il
982 3608 1139 3659 faciundum
1152 3611 1180 3658 H
1190 3608 1250 3673 (L):
1263 3609 1421 3660 faciendum
1433 3609 1527 3676 G(1).ii

385 3685 442 3738 aito
459 3688 501 3738 ed.
521 3689 559 3742 Fi.
579 3688 668 3752 (erede
691 3691 765 3743 alise
784 3692 821 3756 Η,
846 3691 901 3759 alie
921 3694 942 3743 G
960 3694 1039 3756 (hir).
1063 3689 1076 3758 ΙΙ
1099 3696 1114 3742 2
1133 3694 1190 3743 sint
1213 3695 1313 3744 intacti
1336 3696 1407 3744 loe:
1431 3696 1469 3746 sit
1487 3696 1528 3744 in-

385 3774 487 3822 tsotuur
508 3772 565 3823 011.
587 3770 599 3840 ΙΙ
622 3775 800 3829 etruriae:
819 3780 884 3826 -ta
903 3778 962 3827 GH.
986 3774 998 3843 ΙΙ
1018 3780 1034 3828 3
1053 3781 1118 3826 sunt
1136 3778 1187 3827 GH
1205 3776 1253 3840 (L,
1272 3776 1390 3844 sintin).
1418 3775 1431 3845 11
1458 3796 1528 3830 mar-

384 3853 522 3909 deiros:
541 3857 612 3908 -ds
626 3860 684 3909 GH.
707 3856 719 3927 ΙΙ
742 3860 916 3912 subsidentes
933 3862 1006 3913 loa:
1024 3860 1179 3910 —sidentia
1198 3862 1257 3911 GH.
1281 3859 1293 3928 ΙΙ
1316 3864 1528 3928 bappsratione

383 3940 437 3993 od:
462 3939 637 4006 apparitione
663 3944 722 3994 oli.
745 3940 757 4012 ΙΙ
781 3947 908 3998 teorum
925 3951 986 3995 ante
1003 3960 1072 3996 corr.
1094 3945 1123 3995 G.
1145 3940 1158 4010 ΙΙ
1182 3951 1368 4011 conparentur
1391 3948 1423 3995 Η
1444 3949 1528 4012 (Lto):

382 4028 514 4077 -rsutur
532 4025 562 4077 (i.
585 4021 597 4093 ΙΙ
624 4028 689 4079 sut
705 4028 790 4079 Rode:
815 4028 841 4079 dr
860 4028 899 4092 (et
918 4029 950 4092 Η)
971 4028 1030 4082 ⁶11.
1054 4025 1066 4095 ΙΙ
1090 4029 1147 4079 sint
1164 4030 1193 4078 Η
1212 4027 1296 4093 (Lep
1321 4036 1385 4081 sunt
1405 4033 1434 4082 G.
1460 4029 1473 4099 ΙΙ
1498 4036 1528 4082 12

383 4115 552 4176 praegnates
570 4118 630 4162 ante
647 4126 716 4164 corr.
737 4113 773 4164 Η.
795 4108 808 4179 ΙΙ
832 4114 864 4163 14
882 4117 911 4164 et
933 4111 1056 4164 tumidae
1075 4113 1197 4178 (‚pon1)‘·‘
1218 4112 1301 4179 Gal.):
1322 4121 1352 4165 et
1368 4117 1477 4167 umidae
1497 4119 1527 4180 θ,

385 4190 516 4295 nimios
539 4229 568 4278 Η
591 4229 737 4295 (humidae,
756 4229 835 4294 -de,
856 4230 922 4297 -dq
939 4230 1007 4294 Ltc).
1032 4228 1045 4298 ΙΙ
1066 4232 1312 4284 necessitatem.
1336 4231 1428 4300 (rec.):
1451 4240 1529 4285 -tes

385 4310 445 4363 oli.
465 4308 478 4378 ΙΙ
498 4312 530 4363 ld
547 4313 583 4364 sd
601 4313 676 4366 setus
692 4319 801 4381 partum
818 4316 905 4368 diua:
924 4314 960 4365 sd
978 4315 1053 4383 ise(p
1072 4317 1101 4373 (ι’,
1120 4332 1153 4367 oe
1172 4317 1343 4381 G‘chtpus
1361 4325 1460 4385 apertu
1479 4321 1530 4370 GH

385 4391 438 4460 (te.
457 4394 567 4464 edietus
585 4401 685 4462 aptus
707 4407 732 4450 et
754 4407 813 4451 anto
835 4415 904 4452 corr.
923 4397 960 4465 t).
982 4396 995 4467 ΙΙ
1018 4401 1051 4451 18
1068 4414 1138 4450 sens
1154 4407 1214 4451 aste
1232 4416 1301 4452 corr.
1316 4404 1346 4452 G.
1366 4401 1379 4468 ΙΙ
1399 4406 1433 4453 22
1451 4405 1529 4454 foetu

385 4477 419 4535 o.
438 4479 517 4532 iaetu
539 4480 676 4545 11(ioetu
698 4484 794 4543 littei„
816 4480 829 4551 u
853 4484 925 4550 quod
947 4485 1037 4550 prius:
1064 4481 1175 4550 ppujns
1196 4491 1257 4535 aare
1279 4484 1351 4550 (ips.)
1369 4503 1439 4538 corr.
1463 4489 1493 4538 6.
1514 4485 1526 4548 ti

383 4563 417 4613 88
436 4562 471 4613 ab
485 4563 676 4631 disparatione
688 4566 778 4620 Peme
798 4567 832 4619 sd
850 4568 1037 4635 disperatione
1048 4570 1077 4618 Η
1088 4569 1116 4630 (1,
1129 4567 1359 4634 addesperstione
1374 4573 1397 4622 G
1411 4567 1500 4634 (Lot).
1515 4570 1526 4636 31

382 4644 417 4696 et
434 4646 535 4713 resipit
555 4652 582 4698 et
603 4649 658 4701 etia
685 4650 802 4714 recipiet
825 4651 860 4714 (i,
883 4653 1021 4717 recipient
1043 4653 1072 4701 Η
1094 4652 1136 4714 (te,
1155 4653 1294 4718 recipiunt
1314 4656 1359 4718 L).
1386 4651 1400 4722 fl
1429 4657 1527 4706 etiaim

382 4729 421 4781 eir
440 4728 500 4783 611.
