3784 5625
682 670 730 716 nn
753 668 1021 717 Ancffirrcrunn
1044 670 1113 717 nm.
1136 672 1182 717 vr.
1443 656 1498 717 141

362 824 423 887 bus
445 822 636 887 formantur.
682 831 712 885 et
735 823 873 907 primum
896 844 999 905 genus
1028 823 1235 887 distribuitur
1261 824 1310 887 uti
1331 822 1502 907 longitudo

362 946 436 987 oum
464 925 498 987 in
526 924 670 1009 quinque
697 932 806 1009 partos
829 922 939 987 divisa
961 923 1076 1005 fuerit,
1109 934 1175 987 tres
1203 934 1312 1009 partes
1334 924 1502 988 latitudini

362 1026 497 1107 dentur,
525 1024 662 1088 alterum
691 1045 764 1088 oum
786 1025 820 1087 in
842 1034 907 1089 tres
936 1034 1044 1111 partes
1068 1024 1253 1107 dividatur,
1282 1026 1366 1089 duae
1394 1036 1502 1112 partes

361 1125 530 1190 latitudini
557 1124 762 1206 tribuantur,
795 1126 928 1189 tertium
950 1127 999 1190 uti
1020 1124 1158 1191 latitudo
1181 1127 1215 1189 in
1237 1128 1395 1212 quadrato
1418 1129 1502 1214 pari-

361 1228 423 1293 bus
446 1227 603 1291 lateribus
627 1226 832 1292 describatur
858 1228 957 1313 inque
985 1248 1022 1291 eo
1045 1226 1202 1313 quadrato
1225 1228 1396 1313 diagonios
1418 1226 1537 1291 lineas
1623 1277 1628 1289 ,

362 1328 515 1410 ducatur,
551 1337 582 1392 et
610 1338 768 1413 quantum
796 1330 936 1414 spatium
963 1327 1117 1391 habuerit
1143 1350 1182 1391 ea
1209 1327 1294 1393 linea
1321 1330 1502 1413 diagonioe,

326 1447 343 1494 4
361 1440 453 1494 tanta
474 1428 646 1513 longitudo
668 1432 750 1494 atrio
774 1429 879 1493 detur.
922 1428 1062 1494 altitudo
1085 1450 1196 1493 eorum
1223 1440 1343 1515 quanta
1365 1429 1503 1495 latitudo

360 1531 461 1594 fuerit
489 1540 604 1616 quarta
632 1529 764 1618 dempta
786 1531 847 1594 sub
875 1530 983 1594 trabes
1006 1529 1196 1612 extollatur,
1226 1531 1351 1617 reliquo
1373 1531 1503 1595 lacuna-

361 1634 484 1697 riorum
507 1641 538 1695 et
560 1653 654 1695 areae
676 1654 783 1719 supra·
795 1631 905 1696 trabes
928 1632 1011 1696 ratio
1033 1630 1201 1696 habeatur.

447 1731 520 1797 Alis
544 1733 661 1797 dextra
683 1756 722 1797 ae
745 1735 877 1797 sinistra
898 1732 1052 1815 latitudo,
1077 1755 1149 1796 eum
1172 1734 1215 1797 sit
1236 1736 1312 1798 atrii
1334 1734 1503 1819 longitudo
1523 1751 1555 1799 10
1652 1757 1654 1762 ·

362 1834 405 1899 ab
433 1853 508 1898 xxx
535 1833 674 1922 pedibus
702 1835 746 1899 ad
773 1836 872 1922 pedes
895 1852 959 1916 xa,
1000 1856 1042 1897 ex
1069 1836 1166 1898 tertia
1199 1846 1291 1921 parte
1324 1838 1394 1901 eius
1428 1859 1500 1901 eon-

363 1937 527 2001 stituatur.
572 1937 614 2000 ab
636 1954 682 1999 xn
704 1935 747 1999 ad
769 1938 869 2022 pedes
898 1953 919 1999 1.
946 1934 1116 2019 longitudo
1144 1936 1312 2003 dividatur
1339 1940 1374 2001 in
1395 1948 1504 2024 partes

362 2049 427 2102 tres
457 2039 571 2119 semis,
608 2060 650 2101 ex
677 2036 728 2101 his
756 2061 822 2101 una
848 2059 923 2124 pars
958 2036 1020 2101 alis
1049 2036 1155 2101 detur.
1205 2062 1278 2102 cum
1306 2050 1415 2104 autem
1444 2041 1505 2103 erit

362 2138 532 2225 longitudo
553 2139 595 2202 ab
619 2140 856 2225 quinquaginta
877 2138 1018 2226 pedibus
1034 2138 1076 2201 ad
1092 2141 1275 2224 sexaginta,
1299 2151 1414 2227 quarta
1428 2163 1503 2227 pars

362 2239 577 2325 longitudinis
604 2239 665 2305 alis
692 2240 866 2305 tribuatur.
923 2262 942 2303 a
965 2239 1104 2326 pedibus
1133 2259 1179 2303 Lx
1204 2242 1248 2304 ad
1274 2259 1372 2304 xxxx
1399 2241 1555 2325 longi-15

362 2343 442 2407 tudo
464 2341 633 2405 dividatur
653 2343 688 2405 in
710 2352 819 2429 partes
848 2352 1001 2428 quattuor
1029 2351 1061 2406 et
1088 2341 1272 2423 dimidiam,
1302 2364 1345 2405 ex
1366 2341 1417 2407 his
1439 2365 1504 2405 una

363 2466 437 2530 pars
464 2443 522 2507 fiat
555 2442 677 2507 alarum
710 2443 860 2507 latitudo.
914 2465 934 2505 a
961 2442 1101 2529 pedibus
1135 2444 1300 2526 octoginta
1333 2443 1375 2505 ad
1402 2444 1503 2530 pedes

363 2555 492 2610 eentum
514 2546 549 2608 in
571 2546 713 2631 quinque
733 2554 842 2632 partes
858 2544 967 2608 divisa
981 2542 1150 2628 longitudo
1165 2545 1284 2607 iustam
1299 2545 1505 2609 constituerit

362 2646 570 2711 latitudinem
584 2646 719 2710 alarum.
755 2646 864 2710 trabes
888 2668 998 2709 earum
1021 2646 1185 2709 liminares
1208 2647 1254 2710 ita
1275 2644 1360 2709 altae
1382 2668 1503 2731 ponan-

364 2758 417 2814 tur
439 2756 476 2832 nt
498 2746 687 2811 altitudines
712 2746 941 2812 latitudinibus
964 2749 1030 2812 sint
1051 2746 1213 2835 aequales.
1522 2764 1555 2812 20

332 2874 347 2923 5
449 2849 604 2934 Tablino,
639 2851 667 2914 si
694 2850 834 2915 latitudo
862 2853 938 2915 atrii
966 2852 1028 2914 erit
1055 2850 1176 2938 pedum
1203 2852 1339 2935 viginti,
1373 2851 1505 2936 dempta

363 2953 462 3018 tertia
489 2953 560 3018 eius
589 2953 712 3039 spatio,
742 2951 904 3038 reliquum
931 2953 1105 3016 tribuatur.
1150 2954 1179 3016 si
1206 2954 1266 3016 erit
1293 2953 1336 3016 ab
1363 2952 1503 3038 pedibus

364 3072 438 3118 xxx
459 3054 502 3117 ad
523 3071 587 3136 xx,
617 3075 659 3118 ex
681 3055 756 3118 atrii
779 3052 954 3118 latitudine
981 3053 1105 3119 tablino
1131 3054 1305 3119 dimidium
1330 3053 1503 3118 tribuatur.

366 3178 439 3220 oum
470 3164 580 3220 autem
610 3155 652 3218 ab
690 3174 737 3219 xr.
769 3155 812 3219 ad
844 3174 906 3239 Lx,
945 3154 1083 3220 latitudo
1122 3155 1291 3219 dividatur
1323 3156 1358 3219 in
1395 3165 1503 3241 partes

432 3417 449 3464 ὀ
467 3413 659 3464 describantur
670 3421 730 3463 ante
741 3430 810 3463 corr.
826 3415 855 3464 G.
871 3411 883 3478 Η
899 3413 1044 3480 diagonios
1057 3413 1148 3466 Sela:
1161 3413 1306 3479 diagonius
1320 3414 1377 3464 GH.
1389 3409 1401 3480 Η
1419 3417 1434 3464 6
1447 3413 1505 3464 dia-

365 3500 463 3565 gonios
480 3498 570 3548 Selia:
589 3497 701 3564 diagoni
721 3498 748 3558 G,
768 3497 890 3564 diagonii
907 3499 936 3547 H
954 3494 1033 3564 (La).
1054 3493 1066 3564 Η
1091 3500 1105 3547 7
1124 3497 1241 3547 latitudo
1259 3498 1343 3547 Mun:
1362 3497 1506 3563 longitudo

367 3584 426 3635 GH.
449 3578 461 3651 Η
484 3583 625 3648 8roliquo
643 3597 701 3648 ego:
725 3584 833 3648 reliquir
849 3579 854 3648 Ι
869 3583 909 3640 H,
932 3582 1066 3646 reliquum
1086 3583 1115 3635 G.
1140 3579 1152 3650 Η
1179 3585 1210 3634 10
1229 3582 1281 3632 alis
1303 3592 1362 3634 unte
1380 3601 1448 3634 corr.
1471 3585 1505 3634 G:

355 3669 429 3720 ‘aliis
441 3669 474 3718 H
481 3667 539 3733 (aed
550 3666 619 3717 aleis
628 3667 670 3716 Hc
678 3675 703 3717 et
715 3667 756 3728 60,
767 3667 836 3716 alcis
849 3683 882 3717 err
893 3669 999 3731 (1ηοίρὶιὶ
1009 3667 1051 3715 Hc
1065 3675 1215 3718 correi-tara
1229 3669 1261 3731 L,
1272 3667 1353 3718 ulicis
1362 3667 1406 3732 Ie).
1418 3663 1430 3734 Η
1442 3669 1506 3718 lati-

366 3753 430 3804 tudo
448 3753 519 3804 Jor.:
538 3751 692 3802 latitudinis
712 3751 771 3804 GH.
795 3748 807 3819 Η
830 3753 859 3800 11
880 3755 912 3802 ab
930 3753 1008 3801 XXX
1029 3752 1061 3802 G:
1086 3753 1122 3802 ad
1139 3753 1216 3801 XXX
1235 3754 1263 3802 H
1286 3751 1314 3813 (a
1332 3753 1408 3802 XXX
1428 3754 1469 3814 LI,
1489 3769 1505 3801 a

366 3839 483 3904 triginta
500 3836 549 3901 ed).
567 3833 580 3904 Η
594 3837 676 3886 testis
693 3844 752 3886 unte
770 3852 838 3887 corr.
858 3838 887 3886 G.
908 3833 920 3902 Η
945 3839 976 3886 12
995 3839 1029 3887 ab
1049 3839 1097 3887 XL
1116 3839 1148 3886 H
1163 3835 1246 3899 (Llc):
1266 3838 1300 3886 ab
1321 3838 1505 3902 quadraginta

368 3923 397 3973 G.
420 3919 436 3990 Η
456 3922 492 3972 ad
510 3921 594 3987 pedes
612 3919 681 3970 L‘H
700 3919 782 3984 (Lle):
802 3921 836 3972 ad
851 3919 856 3984 Ι
871 3923 944 3977 LG.
967 3918 979 3988 Η
1004 3925 1036 3972 13
1054 3926 1110 3971 tres
1128 3922 1210 3971 semis
1230 3918 1279 3984 (ael
1296 3920 1314 3969 S
1332 3937 1386 3984 eoo,
1405 3926 1462 3970 tres
1479 3928 1506 3968 et

366 4007 508 4056 dimidiam
527 4009 568 4056 ed.
592 4004 682 4069 Ven.):
701 4011 757 4057 tres
778 4006 836 4058 GH.
850 4001 862 4073 Η
881 4005 933 4055 alis
948 4007 981 4057 G:
1001 4007 1064 4056 aliis
1084 4007 1110 4054 H
1129 4004 1211 4068 (aleis
1230 4007 1269 4054 Hc
1286 4013 1313 4054 nt
1329 4022 1417 4068 supra,
1437 4005 1505 4053 alcis

368 4093 400 4150 L,
418 4091 500 4141 aliois
518 4090 561 4155 le),
580 4092 629 4141 sed
644 4107 704 4142 mox
721 4109 742 4141 o.
756 4095 789 4140 15
808 4090 862 4140 alis
881 4107 973 4141 ornnes.
988 4088 1001 4158 Η
1019 4093 1051 4140 14
1069 4092 1104 4140 ab
1122 4087 1193 4155 (qn.)
1213 4090 1264 4139 GH
1282 4089 1310 4151 (a
1328 4090 1375 4150 Le,
1395 4088 1428 4137 ad
1446 4098 1505 4138 urite

368 4226 436 4261 corr.
454 4209 484 4275 t).
506 4205 518 4274 Η
542 4209 682 4274 quarta'G
706 4208 762 4273 (lc):
781 4209 847 4259 1111·
866 4208 936 4273 (post
953 4210 1098 4274 sexaginta
1115 4225 1195 4273 supra
1212 4209 1275 4271 scr.)
1294 4208 1326 4255 H
1341 4179 1409 4270 (111'1
1430 4207 1470 4271 L).
1488 4205 1503 4272 Η

368 4296 400 4344 15
419 4292 455 4357 (et
475 4293 518 4358 17)
542 4310 559 4344 a
576 4293 706 4359 pedibus:
727 4295 764 4342 aio
784 4293 841 4342 GH.
864 4290 877 4358 Η
907 4293 938 4340 16
957 4292 1098 4343 dimidiam
1118 4293 1151 4342 G:
1181 4292 1294 4341 dimidia
1317 4290 1380 4353 (siue
1398 4292 1454 4357 lin.)
1479 4293 1505 4340 H

367 4374 448 4442 (1:10).
464 4374 477 4445 Η
494 4379 525 4428 17
544 4380 688 4444 octoginta
772 4381 880 4427 eentum
899 4378 927 4425 H
945 4375 1013 4440 (an
1031 4378 1133 4426 LXXX
1241 4377 1272 4429 C.
1292 4377 1320 4427 G.
1340 4372 1353 4442 Η
1378 4379 1409 4427 18
1427 4378 1505 4441 quin·

368 4478 420 4527 qne
437 4463 467 4512 H
480 4459 565 4528 (Lie):
583 4463 617 4514 V.
636 4464 666 4514 G.
684 4460 696 4529 Η
711 4461 744 4512 20
758 4461 917 4513 altitudines
929 4463 969 4510 ed.
984 4459 1071 4524 (rer.):
1092 4461 1238 4510 altitudine
1253 4462 1311 4511 GH.
1328 4457 1340 4526 Η
1354 4464 1386 4510 21
1399 4461 1505 4512 tablino

368 4546 469 4597 Mart:
488 4547 625 4597 tablinum
643 4546 726 4611 (—n1'1
745 4549 776 4610 G)
797 4547 854 4597 GH.
877 4541 889 4612 Η
914 4546 980 4595 atrii
1002 4547 1056 4597 ed:
1081 4547 1180 4595 atrium
1200 4546 1263 4610 (-1'1
1283 4546 1315 4610 G)
1340 4546 1399 4595 GH.
1426 4542 1437 4611 Η
1466 4547 1505 4596 vi-

368 4631 441 4696 ginti
458 4632 486 4682 H
505 4629 564 4696 (L):
592 4633 651 4682 XX.
672 4634 693 4683 G
712 4630 752 4698 (t).
774 4629 786 4697 Η
809 4633 841 4681 22
861 4631 895 4681 ab
917 4631 950 4681 G:
979 4631 1013 4680 ad
1031 4631 1061 4680 H
1078 4632 1106 4692 (a
1125 4633 1169 4698 Ll,
1192 4647 1239 4682 om.
1259 4633 1361 4701 clintum
1382 4632 1464 4684 verbis
1483 4633 1507 4683 si

369 4717 633 4783 erit-tribuatur).
656 4715 669 4787 Η
690 4721 722 4770 23
739 4717 899 4769 latitudine:
918 4718 956 4767 sic
976 4716 1033 4768 GH.
