3784 5625
690 663 737 709 nu
760 662 1028 710 unanimorum
1050 665 1120 711 nm.
1144 665 1180 710 11.
1463 650 1503 712 61

363 817 511 901 egregios
540 817 575 879 in
602 815 761 880 aedificiis
789 816 832 879 ad
855 816 1102 881 diuturnitatem
1130 826 1274 902 praestat
1295 840 1385 900 usus,
1409 827 1441 882 et
1463 818 1504 881 de

361 919 412 983 his
435 916 549 1000 rebus,
573 917 844 1003 quemadmodum
866 917 1040 982 videantur
1062 917 1236 983 elocorum
1251 918 1504 1006 proprietatibus

361 1019 482 1083 habere
509 1019 591 1083 vitia
612 1028 669 1083 aut
691 1020 851 1101 virtutes,
879 1021 929 1083 uti
952 1022 1018 1084 sint
1040 1020 1322 1085 considerantibus
1343 1021 1506 1105 apertiora

329 1143 533 1209 rexponam.
583 1122 702 1187 montis
730 1123 921 1208 Appennini
949 1123 1073 1207 primae
1100 1121 1227 1186 radices
1254 1121 1296 1185 ab
1324 1121 1505 1209 Tyrrenico
1523 1141 1548 1189 x

361 1224 445 1286 mari
475 1225 561 1286 inter
596 1221 698 1309 Alpes
732 1231 764 1285 et
792 1233 954 1288 extremas
983 1223 1135 1287 Etruriae
1168 1225 1318 1307 regiones
1347 1224 1540 1291 oriuntur.5

362 1326 432 1389 eius
460 1345 538 1389 vero
565 1326 685 1388 montis
707 1325 820 1409 iugum
844 1348 878 1388 se
901 1326 1125 1409 circumagens
1148 1334 1180 1389 et
1200 1325 1309 1389 media
1331 1335 1506 1389 curvatura

362 1448 463 1513 prope
484 1435 622 1511 tangens
645 1447 716 1489 oras
739 1426 836 1489 maris
859 1426 1022 1491 Hadriani
1044 1428 1202 1514 pertingit
1225 1427 1505 1491 circumitionibus

362 1537 475 1592 contra
503 1527 633 1591 fretum.
688 1530 798 1613 itaque
828 1529 958 1592 citerior
986 1529 1055 1594 eius
1083 1537 1258 1592 curvatura
1289 1551 1370 1615 quae
1397 1530 1506 1613 vergit

324 1708 325 1712 Ἰ
362 1630 404 1694 ad
428 1630 582 1694 Etruriae
605 1629 865 1715 Campaniaeque
886 1631 1037 1715 regiones
1059 1631 1179 1715 apricis
1208 1639 1257 1696 est
1278 1631 1505 1717 potestatibus.

362 1752 501 1818 namque
528 1734 670 1818 impetus
699 1730 798 1795 habet
825 1740 1000 1817 perpetuos
1022 1731 1065 1794 ad
1088 1730 1165 1796 solis
1188 1754 1327 1797 cursum.
1371 1732 1506 1797 ulterior
1525 1752 1557 1800 10

362 1843 471 1898 autem
499 1856 582 1919 quae
611 1841 660 1898 est
681 1830 862 1917 proclinata
883 1831 926 1896 ad
950 1855 1102 1918 superum
1122 1856 1227 1917 mare,
1261 1832 1506 1920 septentrionali

362 1935 489 2019 regioni
518 1935 664 1999 subiecta
691 1935 876 1999 continetur
904 1934 1066 2000 umbrosis
1095 1944 1126 1998 et
1149 1937 1258 2021 opacis
1280 1936 1505 2023 perpetuitati-

362 2037 435 2103 bus.
493 2037 604 2122 itaque
641 2058 724 2122 quae
755 2037 791 2099 in
825 2058 863 2099 ea
895 2046 988 2124 parte
1022 2046 1199 2101 nascuntur
1222 2029 1362 2102 ‘arbores
1396 2036 1507 2101 umida

362 2148 524 2226 potestate
559 2139 702 2202 nutritae
737 2160 803 2203 non
839 2135 941 2201 solum
978 2139 1069 2224 ipsae
1104 2148 1265 2223 augentur
1296 2138 1532 2225 amplissimis·

362 2239 665 2325 magnitudinibus,
703 2241 761 2305 sed
804 2262 915 2303 earum
952 2262 1080 2325 quoque
1117 2263 1220 2303 venae
1256 2242 1377 2304 umoris
1413 2241 1557 2325 copiare

364 2340 507 2429 repletae
522 2350 689 2426 turgentes
705 2342 841 2428 liquoris
862 2340 1063 2404 abundantia
1078 2351 1273 2405 saturantur.
1304 2364 1377 2405 eum
1399 2351 1506 2404 autem

365 2445 496 2508 excisae
530 2451 563 2506 et
596 2442 723 2507 dolatae
751 2442 885 2506 vitalem
916 2451 1110 2528 potestatem
1137 2444 1321 2525 amiserint,
1350 2464 1508 2505 venarum

364 2547 472 2631 rigore
487 2543 696 2630 permanente
719 2543 926 2609 siccescendo
949 2553 1081 2630 propter
1101 2545 1268 2607 raritatem
1290 2544 1372 2608 fiunt
1393 2546 1506 2607 inanes

335 2633 339 2639 ’
365 2657 397 2712 et
419 2646 579 2711 evanidae
590 2695 600 2729 ,
627 2646 766 2732 ideoque
794 2648 828 2709 in
855 2645 1015 2710 aedificiis
1042 2669 1107 2710 non
1135 2655 1271 2732 possunt
1292 2646 1413 2709 habere
1435 2646 1505 2710 diu-

329 2751 563 2814 aturnitatem.
613 2770 695 2835 quae
722 2758 832 2812 autem
858 2746 900 2810 ad
928 2746 1005 2812 solis
1028 2770 1158 2814 cursum
1180 2748 1403 2835 spectantibus
1425 2747 1505 2811 locis
1524 2764 1557 2812 to

364 2861 586 2940 procreantur,
609 2875 675 2916 non
689 2850 844 2916 habentes
860 2851 1116 2914 interveniorum
1131 2852 1280 2915 raritates
1303 2851 1506 2916 siccitatibus

366 2963 521 3019 exsuctae
544 2952 740 3037 solidantur,
770 2953 847 3038 quia
877 2951 925 3017 sol
946 2976 1012 3018 non
1033 2953 1128 3018 modo
1157 2962 1307 3043 exterra
1334 2952 1506 3017 lambendo

365 3056 424 3121 sed
447 3057 546 3120 etiam
568 3077 610 3119 ex
631 3054 803 3119 arboribus
827 3054 936 3118 educit
957 3078 1096 3119 umores
1139 3056 1249 3141 itaque
1272 3077 1353 3141 quae
1375 3064 1451 3120 sunt
1472 3056 1507 3117 in

363 3159 484 3245 apricis
517 3157 704 3242 regionibus
738 3157 853 3242 spissis
886 3179 1043 3220 venarum
1073 3155 1303 3220 crebritatibus
1338 3140 1506 3237 solidatae,

365 3282 431 3325 non
463 3258 586 3324 habent
615 3281 657 3322 ex
683 3280 794 3337 umore
826 3258 1002 3322 raritatem.
1052 3279 1135 3344 quae
1163 3280 1236 3322 cum
1269 3258 1304 3319 in
1334 3259 1502 3320 materiem
1521 3272 1554 3319 25

364 3360 585 3448 perdolantur,
608 3359 749 3425 reddunt
770 3382 904 3444 magnas
926 3359 1085 3424 utilitates
1107 3358 1150 3423 ad
1176 3369 1384 3423 vetustatem.
1433 3359 1507 3424 ideo

364 3569 593 3579 *-

409 3709 526 3778 ἱΒείιιῐ
549 3706 621 3757 «leat
649 3708 745 3755 essent
772 3703 850 3767 (ἔξω
878 3702 909 3768 G)
939 3703 999 3754 GH.
1026 3702 1039 3770 [Ι
1063 3703 1231 3768 lexponanr
1258 3706 1313 3757 ert:
1343 3717 1507 3770 exponerem

366 3788 477 3853 (-ncre
496 3789 527 3853 G)
553 3790 611 3840 GH.
635 3785 648 3856 ss
670 3791 771 3839 montis
794 3791 848 3839 ert:
867 3793 974 3838 montes
992 3788 1021 3837 H
1040 3785 1124 3852 (Lle),
1143 3789 1237 3838 mortis
1256 3787 1315 3852 (sie)
1336 3789 1365 3841 G.
1388 3785 1400 3855 ΙΙ
1423 3805 1507 3853 apen·

364 3875 424 3925 nini
445 3875 474 3928 G.
498 3872 511 3940 ll
532 3874 690 3938 tyrrhenico
709 3875 737 3923 H
756 3873 893 3937 (-renieo
907 3871 1017 3934 licha),
1036 3872 1198 3935 thyrhenico
1218 3873 1246 3922 G.
1270 3869 1282 3937 ΙΙ
1305 3875 1321 3922 5
1339 3873 1412 3922 inter
1423 3872 1508 3936 Alpes

366 3963 396 4010 et
423 3963 561 4009 extremas
583 3960 669 4010 Rode:
696 3958 798 4022 incipis
822 3965 850 4008 et
873 3959 1041 4008 inextremas
1067 3957 1125 4006 GH.
1154 3953 1166 4020 ΙΙ
1194 3959 1208 4006 7
1232 3956 1359 4005 hadriani
1382 3957 1411 4004 H
1437 3954 1507 4018 (LI):

366 4043 477 4092 adriani
496 4043 517 4093 G
536 4041 597 4108 (ed).
621 4039 633 4109 ΙΙ
655 4044 671 4093 9
689 4042 812 4106 regionis
830 4051 889 4093 ante
907 4057 976 4093 corr.
995 4042 1031 4090 Η.
1054 4037 1066 4106 Η
1090 4043 1121 4088 12
1133 4040 1241 4104 regioni
1254 4038 1349 4102 (G0L):
1369 4055 1436 4088 -ne
1457 4040 1507 4088 GH

366 4127 438 4191 (lech,
457 4128 535 4178 -nis
554 4126 590 4194 c).
610 4124 622 4194 ΙΙ
644 4129 675 4177 16
693 4122 980 4192 repletae'turgentes
1004 4121 1291 4188 (=repl&&urgentes
1309 4121 1356 4186 L):
1380 4123 1506 4186 repletae

367 4210 444 4275 (-te
465 4213 495 4276 G,
513 4218 576 4278 -te
596 4210 616 4279 ἱ)
634 4216 766 4277 urgentes
787 4210 837 4260 GH
856 4211 883 4275 (t,
903 4208 1007 4274 replete
1023 4207 1174 4274 turgentes
1192 4208 1235 4269 ch,
1255 4206 1359 4272 replete
1381 4208 1506 4271 urgentis

367 4295 423 4361 (1⁷0).
447 4293 460 4363 ΙΙ
485 4299 516 4347 17
540 4297 682 4348 amiserint
705 4297 756 4346 GH
774 4291 857 4357 (Llc):
885 4294 1039 4344 amiserunt
1062 4292 1104 4340 G‘.
1129 4288 1141 4356 Ι]
1165 4293 1196 4341 18
1219 4295 1398 4355 permanente
1417 4293 1506 4342 Pera:

364 4386 561 4444 permanentes
581 4382 638 4434 GH.
661 4377 673 4447 l}
696 4377 872 4430 siccescendo
895 4379 936 4426 H⁶
954 4376 1014 4441 (L):
1038 4375 1210 4425 sicciscendo
1229 4376 1251 4425 G
1268 4383 1295 4425 et
1310 4383 1369 4426 ante
1392 4392 1460 4426 corr.
1479 4378 1508 4426 H

366 4463 421 4527 (lc).
444 4462 456 4532 ΙΙ
479 4468 514 4517 20
532 4467 566 4517 ab
587 4466 652 4516 solis
671 4479 780 4515 cursum
801 4466 833 4513 lc.
857 4458 868 4526 ΙΙ
896 4464 928 4511 21
953 4461 1168 4511 interveniorum
1183 4460 1253 4512 doc:
1281 4459 1353 4510 inter
1374 4476 1506 4511 venarum

368 4549 427 4599 GH.
451 4546 464 4616 Π
487 4553 520 4600 22
539 4554 652 4615 exsucta
673 4550 724 4599 GH
735 4546 787 4611 (LI,
804 4551 900 4612 exuste
911 4546 961 4607 eli).
982 4542 994 4610 ΙΙ
1016 4545 1376 4598 minustissimorum
1398 4541 1412 4611 l}
1432 4546 1504 4610 itaq,

367 4648 420 4698 que
445 4639 510 4684 sunt
534 4636 566 4686 G:
585 4637 659 4700 Itaq3
683 4632 724 4696 (lc,
747 4635 791 4684 Ita
809 4648 860 4698 que
884 4629 918 4694 L)
947 4635 1011 4681 sunt
1033 4631 1069 4684 Η,
1092 4626 1105 4696 ΙΙ
1127 4633 1160 4680 25
1182 4631 1287 4680 habent
1314 4646 1375 4698 epo:
1402 4630 1507 4682 haben·

367 4723 410 4768 tes
430 4720 490 4769 GH.
