3784 5625
387 627 451 689 242
877 633 1036 688 vrrauvu

387 817 497 859 earum
512 794 684 881 principiis
700 794 898 857 ratiocinari.
940 796 1052 879 itaque
1075 794 1115 856 de
1138 794 1200 875 his,
1222 803 1259 857 ut
1286 816 1403 881 corpus
1427 817 1531 858 emen·

360 882 363 894 ’
388 897 500 960 clatum
525 897 762 959 architecturae
796 895 1002 981 perficiatur,
1039 896 1222 981 insequenti
1258 895 1425 961 volumine
1453 899 1530 961 inci-

386 1000 473 1083 piam
495 998 648 1062 scrihere.

671 1304 884 1379 urana
919 1302 1243 1420 1111011100.

352 1511 367 1557 5
410 1546 422 1560 ‚.
472 1488 585 1552 Nobili
609 1488 808 1554 Graecorum
836 1499 868 1553 ct
889 1488 998 1576 ampla
1020 1489 1155 1553 civitate
1177 1489 1303 1576 Ephesi
1325 1488 1381 1552 lex
1401 1499 1585 1577 vetustar-

386 1592 506 1655 dicitur
527 1614 547 1654 a
568 1591 744 1656 maioribus
766 1592 847 1655 dura
869 1592 1056 1655 conditione
1079 1591 1138 1654 sed
1159 1591 1230 1653 iure
1245 1612 1317 1654 esse
1331 1613 1398 1654 non
1419 1592 1532 1678 iniquo

387 1694 571 1756 constituta.
616 1714 690 1755 nam
718 1692 916 1758 architectus
945 1714 1019 1756 cum
1049 1692 1218 1779 publicum
1240 1715 1321 1779 opus
1350 1693 1533 1757 curandum

370 1795 518 1880 recipit,
554 1793 726 1880 pollicetur
754 1805 873 1881 quanto
903 1803 1034 1881 sumptu
1067 1794 1101 1857 id
1131 1795 1174 1858 sit
1202 1794 1357 1858 futurum.
1409 1795 1533 1858 tradita

385 1897 611 1960 aestimatione
638 1898 844 1980 magistratui
870 1896 959 1960 bona
988 1897 1057 1959 cius
1085 1895 1287 1980 obligantur,
1316 1896 1421 1960 donee
1449 1921 1531 1984 opus

336 2018 366 2064 10
384 1999 428 2061 sit
450 1998 640 2082 perlectum.
685 1997 835 2061 absoluto
857 2006 983 2079 autem,
1014 2020 1086 2062 cum
1108 1997 1151 2060 ad
1174 1997 1298 2061 dictum
1321 1998 1461 2085 inpensa
1483 2021 1532 2062 re-

382 2099 531 2186 spondit,
554 2098 693 2163 decretis
717 2109 749 2162 et
768 2100 948 2171 honoribus
964 2110 1107 2164 ornatur.
1151 2100 1229 2163 item
1252 2100 1280 2163 si
1301 2122 1368 2165 non
1388 2100 1535 2187 amplius

383 2224 479 2287 quam
495 2210 610 2288 quarta
632 2203 667 2264 in
682 2223 778 2288 opere
794 2201 996 2266 consumitur
1010 2202 1053 2264 ad
1068 2202 1328 2266 aestimationem.
1342 2202 1533 2286 adicienda,

383 2304 423 2367 de
445 2303 576 2391 publico
598 2312 798 2390 praestatur,
827 2325 932 2389 neque
954 2302 1021 2367 ulla
1042 2325 1148 2390 poena
1169 2312 1308 2367 tenetur.
1353 2326 1430 2367 cum
1453 2328 1534 2369 vero
1633 2331 1635 2337 ·

381 2405 520 2492 amplius
544 2427 641 2491 quam
663 2414 778 2491 quarta
800 2406 954 2491 inopere
977 2406 1189 2488 consumitur,
1214 2428 1255 2469 ex
1275 2407 1344 2469 eius
1368 2406 1467 2471 honis
1489 2408 1534 2469 ad

335 2527 364 2573 15
382 2507 616 2593 perficiendum
643 2508 782 2592 pecunia
804 2508 959 2591 exigitur.
1003 2508 1128 2571 utinam
1151 2506 1408 2572 diioinmortales
1432 2507 1568 2575 fecis-2

382 2618 454 2672 sent
486 2618 522 2673 ut
550 2631 587 2671 ea
620 2607 675 2671 lcx
703 2610 801 2672 etiam
828 2626 859 2671 P.
890 2627 923 2672 a.
951 2630 1018 2671 non
1044 2608 1140 2673 modo
1168 2608 1309 2696 puhlicis
1338 2610 1396 2672 sed
1431 2612 1532 2675 etiam

381 2712 518 2796 privatis
541 2709 700 2774 aedificiis
724 2719 810 2773 esset
837 2709 1024 2774 constituta.
1068 2732 1209 2797 namque
1237 2733 1303 2774 non
1325 2712 1396 2774 sine
1425 2735 1535 2799 poena

381 2822 607 2896 grassarentur
622 2814 772 2899 inperiti,
797 2810 854 2875 sed
878 2812 935 2897 qui
958 2834 1084 2875 summa
1100 2811 1322 2877 doctrinarum
1344 2812 1534 2880 subtilitate

382 2924 490 2978 essent
505 2914 699 3001 prudentes,
716 2916 785 2978 sine
801 2913 1008 2977 dubitatione
1023 2914 1252 2999 profiterentur
1262 2915 1531 3000 architecturam,

228 3066 232 3073 .
329 3034 362 3082 20
379 3038 486 3101 neque
508 3025 616 3103 patres
639 3016 836 3080 familiarum
859 3015 1091 3080 inducerentur
1112 3016 1155 3078 ad
1178 3016 1323 3081 infinitas
1337 3028 1531 3105 sumptuum

380 3118 586 3204 profusiones
608 3127 645 3181 ut
668 3127 699 3181 et
722 3117 856 3180 ebonis
880 3119 1077 3199 eicerentur,
1106 3118 1234 3203 ipsique
1256 3118 1429 3184 architecti
1451 3144 1530 3206 poe-

380 3243 441 3283 nae
464 3221 579 3284 timore
603 3220 706 3284 coacti
730 3218 921 3303 diligentius
938 3218 1071 3283 modum
1092 3220 1305 3303 inpensarum
1327 3222 1528 3286 ratiocinan-

380 3332 429 3386 tes
453 3320 671 3409 explicarent,
695 3323 744 3385 uti
767 3330 876 3407 patres
899 3319 1097 3384 familiarum
1119 3321 1162 3383 ad
1183 3322 1218 3384 id
1241 3321 1329 3407 quod
1352 3314 1527 3410 praepara-

382 3423 523 3505 vissent,
552 3445 608 3486 seu
636 3423 731 3508 paulo
753 3422 893 3507 amplius
915 3422 1113 3504 adicientes,
1142 3421 1291 3486 aedificia
1319 3426 1528 3510 expedirent.

448 3714 568 3763 varum
592 3713 663 3762 uber
682 3696 747 3775 (111).
761 3713 792 3778 0)
812 3714 912 3765 vuu.
927 3712 1042 3776 explicit
1069 3712 1192 3777 1-10),
1233 3715 1337 3779 Incipit
1355 3715 1428 3766 uber
1451 3718 1527 3768 ceci·
1557 3763 1562 3772 ,
1601 3702 1606 3714 “

380 3798 522 3852 mus.GH
542 3795 590 3862 (L,
615 3797 727 3861 explicit
748 3797 819 3847 liber
842 3799 896 3847 11οῆ
919 3796 1168 3861 vitruvii.incipit
1189 3797 1261 3847 liber
1283 3799 1407 3850 decimus
1431 3805 1452 3858 l,
1477 3819 1525 3852 om.

380 3898 443 3933 nom.
462 3899 484 3942 c,
503 3885 558 3932 siae
577 3885 615 3935 rit.
634 3883 659 3931 1.

447 4003 643 4065 bgraegorum
663 4001 699 4049 H.
721 3997 733 4066 ΙΙ
758 4003 901 4071 8snmptu
919 4000 948 4048 id
967 4003 1004 4049 sit
1021 4001 1093 4059 doe:
1117 4002 1237 4066 sumptui
1255 4001 1328 4051 adsit
1347 4002 1434 4057 ΕΘΗ.
1457 4001 1471 4070 ΙΙ
1496 4007 1527 4054 lo

379 4086 535 4150 respondit:
563 4087 600 4134 sic
619 4085 700 4133 EGH
716 4082 805 4147 (--det
823 4083 887 4150 ed),
909 4081 922 4150 Η
948 4087 978 4132 12
998 4085 1031 4132 ad
1052 4086 1273 4134 aestimationem
1293 4090 1335 4135 est
1359 4083 1439 4148 (-ne
1458 4092 1473 4137 ἓ
1494 4090 1525 4152 6)

380 4169 588 4221 adiciendade
615 4170 691 4219 EGH
714 4169 806 4232 (delevi
827 4173 881 4229 est,
905 4177 996 4219 contro
1018 4169 1096 4218 verba
1118 4170 1146 4218 in
1174 4186 1256 4235 opere
1284 4172 1455 4222 consumitur
1476 4187 1525 4225 enr.

379 4253 454 4303 Sclm.
474 4270 527 4302 cum
543 4252 655 4315 Verrio).
678 4250 690 4319 ll
716 4256 747 4303 14
766 4253 912 4303 01101110-
928 4255 1047 4318 exigitur
1065 4270 1113 4303 om.
1133 4254 1165 4301 Ε.
1189 4251 1201 4316 ll
1222 4255 1254 4304 15
1273 4253 1410 4305 fecissent
1428 4273 1463 4307 ea
1481 4259 1526 4309 lex

380 4356 459 4405 EGH
475 4355 516 4416 (ut
534 4356 594 4407 add.
614 4354 706 4417 Maru).
730 4351 742 4420 Η
767 4357 797 4404 16
817 4340 886 4406 Pit:
905 4356 942 4403 sic
956 4355 1036 4404 EGH
1051 4353 1147 4419 (aret),
1161 4353 1261 4419 populo
1280 4370 1393 4406 romano
1406 4359 1447 4407 ed.
1464 4355 1477 4423 ll
1494 4361 1525 4409 19

380 4433 598 4488 architecturam
606 4464 639 4472 —
649 4438 845 4488 inducerentur
862 4436 908 4488 om.
928 4438 960 4487 Ε.
979 4435 991 4504 Ι]
1007 4441 1041 4488 211
1058 4440 1167 4503 sumpti]
1181 4447 1240 4489 ante
1252 4455 1321 4492 corr.
1336 4441 1357 4489 G
1374 4439 1436 4503 (non
1450 4442 1496 4507 E).
1511 4445 1523 4508 l,

378 4525 408 4571 21
429 4527 457 4572 01
475 4527 507 4573 111
525 4523 566 4584 (111
579 4522 675 4587 clepo)
696 4524 791 4573 ebonis
808 4519 921 4588 EGH.11
940 4520 1096 4573 eicerentur
1107 4522 1163 4570 ΕΗ
1167 4539 1173 4573 :
1194 4524 1366 4573 eiecerentnr
1382 4524 1412 4579 G.
1427 4523 1441 4592 ss
1457 4527 1525 4591 ipsi·

380 4622 430 4670 que
452 4608 480 4655 H
499 4606 617 4669 (G0Llc):
645 4608 769 4671 ipsisque
788 4609 812 4656 Ε
831 4615 856 4657 et
873 4604 932 4657 ante
950 4624 1019 4658 corr.
1039 4609 1069 4660 (ι’.
1088 4604 1100 4672 ll
1122 4597 1227 4670 poenae
1246 4608 1276 4656 H
1293 4606 1414 4673 (G0L10):
1433 4627 1526 4675 poena

379 4690 403 4737 E
426 4699 452 4739 et
469 4688 564 4754 (pena)
583 4697 642 4738 ante
659 4707 727 4746 corr.
748 4693 777 4743 G.
