3784 5625
375 639 438 703 272
864 653 1023 699 vrrnuvu

377 830 434 871 eae
455 815 678 894 temperentur
700 828 717 868 e
739 827 839 868 nervo
862 804 1046 891 capilloque
1068 806 1162 868 tortis
1185 803 1394 881 rudentibus,
1420 789 1523 889 quan-

274 919 445 973 xvllltum
468 905 742 995 comprehendere
772 907 903 993 scriptis
932 915 1046 992 potero
1067 929 1133 969 non
1154 907 1422 992 praetermittam.
1468 929 1522 970 su·
1542 916 1608 980 (ΧΠ)

374 1019 506 1074 muntur
528 1012 619 1094 tigna
634 1006 836 1094 amplissima
851 1006 1067 1092 longitudine,
1089 1030 1188 1095 supra
1202 1006 1347 1091 figuntur
1361 1007 1522 1091 chelonia,

376 1114 410 1176 in
427 1111 545 1197 quibus
565 1109 778 1173 includuntur
793 1107 935 1173 suculae.
973 1131 1031 1196 per
1046 1109 1154 1173 media
1168 1119 1276 1173 autem
1291 1111 1400 1195 spatia
1414 1112 1522 1194 tigno-

342 1231 448 1279 orum
470 1214 658 1276 insecantur
681 1221 713 1275 et
736 1210 932 1275 exciduntur
954 1211 1088 1293 formae,
1112 1210 1281 1297 inquibus
1298 1211 1522 1276 excisionibus

375 1313 588 1378 includuntur
616 1312 758 1398 capitula
780 1311 1032 1399 catapultarum,
1061 1314 1237 1398 cuneisque
1259 1312 1461 1376 distinentur
1482 1334 1524 1375 ne

375 1418 411 1480 in
433 1414 695 1480 contentionibus
721 1423 924 1478 moveantur.
969 1422 1038 1476 tum
1060 1436 1138 1478 vero
1160 1412 1295 1478 modioli
1316 1417 1407 1478 aerei
1428 1416 1463 1477 in
1487 1436 1525 1477 ea

376 1516 519 1604 capitula
540 1514 751 1580 includuntur
774 1525 806 1579 et
828 1516 862 1578 in
885 1537 940 1578 eos
957 1514 1083 1579 cuneoli
1098 1515 1207 1596 ferrei,
1230 1536 1309 1601 quas
1331 1516 1524 1597 επιζυγιδας

377 1618 497 1684 Graeci
518 1626 648 1698 vocant,
671 1615 891 1681 conlocantur.
935 1615 1054 1679 deinde
1075 1637 1174 1679 ansae
1195 1615 1383 1681 rudentium
1407 1616 1557 1680 indua-‘2

327 1736 359 1785 10
376 1730 430 1784 tur
451 1741 509 1805 per
530 1718 690 1783 foramina
712 1717 929 1805 capitulorum
951 1727 983 1781 et
1004 1719 1040 1780 in
1061 1716 1197 1782 alteram
1217 1727 1344 1804 partem
1365 1719 1524 1782 traiciun-

376 1831 445 1902 tur,
475 1820 594 1883 deinde
622 1821 656 1883 in
679 1819 806 1884 suculas
830 1820 1012 1883 coiciuntur
1034 1829 1066 1883 et
1087 1817 1318 1902 involvuntur,
1346 1820 1398 1883 uti
1420 1822 1523 1884 vecti-

375 1922 437 1986 bus
464 1943 522 2007 per
545 1942 598 1983 eas
622 1922 748 1984 extenti
774 1921 945 2001 rudentes,
975 1942 1049 1984 cum
1077 1919 1227 1984 manibus
1250 1931 1325 1985 sunt
1347 1922 1446 2002 tacti,
1470 1943 1523 1984 ae·

376 2022 505 2110 qualem
532 2024 567 2085 in
588 2031 725 2108 utroque
752 2022 876 2086 sonitus
899 2015 1042 2086 habeant
1063 2044 1265 2108 responsum.
1309 2031 1390 2085 tunc
1412 2031 1524 2086 autem

376 2127 487 2190 cuneis
517 2125 560 2187 ad
587 2123 748 2187 foramina
775 2122 1026 2205 concluduntur,
1054 2133 1091 2187 ut
1112 2146 1177 2187 non
1200 2125 1327 2209 possint
1349 2145 1386 2187 se
1408 2125 1522 2188 remit-

326 2242 358 2291 15
375 2237 455 2292 tere.
499 2228 546 2291 ita
566 2226 696 2289 traiecti
723 2225 758 2288 in
779 2224 915 2288 alteram
937 2236 1064 2312 partem
1086 2225 1200 2288 eadem
1221 2227 1347 2289 ratione
1369 2226 1523 2290 vectibus

375 2351 433 2416 per
461 2326 590 2392 suculas
619 2326 856 2408 extenduntur,
890 2326 994 2390 donec
1020 2315 1199 2412 aequaliter
1226 2336 1352 2391 sonent.
1396 2329 1445 2390 ita
1468 2349 1523 2391 cu-

375 2452 511 2495 neorum
539 2426 801 2494 conclusionibus
831 2428 873 2496 ad
896 2429 1039 2492 sonitum
1065 2428 1199 2492 musicis
1221 2428 1447 2492 auditionibus
1471 2451 1523 2492 ca-

376 2530 521 2618 tapultae
542 2540 775 2616 temperantur.

292 2648 358 2697 xlx
460 2632 513 2696 De
545 2632 597 2696 his
636 2632 733 2695 rebus
767 2653 849 2717 quae
882 2633 973 2717 potui
1008 2631 1091 2694 dixi.
1140 2640 1243 2695 restat
1273 2631 1356 2696 mihi
1389 2633 1432 2695 de
1466 2655 1523 2720 op·

325 2734 579 2822 repugnatoriis
617 2732 715 2796 rebus
750 2732 1022 2819 quemadmodum
1057 2733 1354 2798 machinationibus
1393 2744 1425 2798 et
1462 2734 1523 2797 du-

376 2859 429 2900 ces
457 2839 598 2900 victores
637 2845 670 2898 et
707 2836 857 2900 civitates
891 2835 1044 2921 defensae
1081 2857 1153 2899 esse
1184 2836 1321 2922 possint.
1378 2836 1523 2924 primum
1532 2848 1617 2915 (XIII)

374 2938 418 3002 ad
440 2938 698 3026 oppugnationes
726 2936 811 3000 aries
839 2939 887 3000 sic
914 2938 1068 3001 inventus
1097 2947 1293 3022 memoratur
1315 2959 1397 3001 esse.
1443 2938 1523 3002 Car-

374 3040 597 3125 thaginienses
645 3040 688 3103 ad
735 3038 846 3103 Gades
891 3038 1125 3126 oppugnandas
1174 3048 1282 3102 castra
1329 3050 1522 3126 posuerunt.

375 3164 449 3206 cum
481 3150 590 3205 autem
618 3138 788 3206 castellum
813 3151 889 3204 ante
916 3142 1096 3227 cepissent,
1119 3140 1154 3204 id
1191 3140 1341 3205 demoliri
1370 3151 1448 3205 sunt
1469 3163 1522 3206 co-

324 3260 358 3308 25
375 3245 455 3308 nati.
509 3253 721 3330 posteaquam
753 3265 818 3307 non
850 3242 1034 3307 habuerunt
1066 3241 1109 3305 sd
1143 3240 1388 3306 demolitionem
1419 3243 1520 3306 ferra-
1590 3326 1593 3331 Ι

444 3519 458 3565 1
478 3533 528 3567 eae
543 3518 593 3567 GH
611 3517 655 3578 (L,
667 3520 715 3568 sed
731 3516 768 3566 Lc
784 3523 857 3579 t(eae,
876 3518 910 3586 he
928 3516 972 3580 lc).
985 3514 998 3583 ΙΙ
1008 3518 1172 3568 rudentibus
1184 3518 1222 3567 L:
1241 3517 1458 3569 intendentibus
1471 3519 1522 3569 GH

375 3601 597 3662 (retardantibus
618 3601 662 3663 lc).
687 3598 700 3668 ΙΙ
721 3604 736 3650 2
755 3606 869 3665 potuero
893 3603 954 3653 GH.
978 3600 990 3667 ΙΙ
1017 3606 1033 3652 3
1056 3602 1198 3653 cheloniae
1217 3603 1308 3667 (—nie
1327 3603 1361 3666 G)
1386 3604 1447 3652 GH.
1472 3601 1485 3670 ll
1505 3607 1522 3653 4

375 3685 524 3736 cluduntur
543 3686 601 3738 GH.
624 3681 636 3751 ΙΙ
659 3686 771 3751 sacculo
787 3687 815 3736 θ.
831 3683 843 3751 ΙΙ
859 3691 875 3736 5
893 3690 1054 3736 insecantur
1067 3688 1084 3750 (.
1101 3686 1134 3752 6)
1152 3687 1315 3737 exciduntur
1329 3687 1382 3736 GH
1399 3687 1441 3749 (et
1459 3690 1520 3742 add.

374 3769 454 3834 loa).
478 3765 490 3834 ΙΙ
513 3769 720 3821 ddistenentur
739 3771 798 3820 GH.
822 3766 834 3836 ΙΙ
858 3774 924 3821 7ea
941 3779 1001 3820 unte
1023 3787 1092 3822 corr.
1110 3786 1157 3824 om.
1178 3772 1208 3823 G.
1230 3768 1243 3836 11
1266 3773 1371 3836 Bquas
1394 3773 1522 3838 epysyci·

375 3855 426 3905 das
446 3855 496 3905 GH
509 3853 588 3918 (cerr.
606 3854 705 3917 Tura).
723 3852 767 3921 [19
786 3854 1039 3920 ηιάειιζίηᾱιιιιηῐιιτ
1056 3864 1116 3905 unte
1134 3872 1203 3905 corr.
1218 3856 1248 3911 G,
1266 3856 1386 3905 rudentri
1404 3857 1522 3906 iuduun-

374 3944 419 3989 tur
436 3941 469 3988 H
484 3938 552 4005 (Llc,
572 3941 730 3990 incluuntur
747 3941 772 4002 Ιι,
792 3941 972 3991 includuntur
988 3940 1039 4004 11⁶).
1059 3937 1072 4004 ΙΙ
1096 3943 1127 3989 10
1146 3941 1301 4004 capitulani
1319 3942 1348 3989 in
1368 3939 1522 4005 (-rum{in

376 4025 409 4088 θ)
434 4025 485 4074 GH
504 4022 545 4086 (et
567 4027 628 4074 add.
650 4023 727 4086 loc),
751 4019 764 4089 ΙΙ
782 4023 890 4089 partire
908 4025 945 4072 H.
970 4022 983 4090 ll
1005 4028 1034 4073 11
1054 4023 1166 4074 suculas
1183 4025 1251 4076 loc:
1279 4025 1406 4074 suculam
1426 4026 1487 4076 GH.
1507 4023 1519 4084 ξ·

375 4110 530 4158 coiciuntur
548 4107 567 4170 (.
582 4108 614 4172 G)
632 4107 809 4158 involvuntur
828 4109 879 4159 GH
896 4105 979 4170 (tren,
998 4106 1021 4157 ir
1039 4110 1100 4158 add.
1118 4109 1168 4172 lev).
1184 4106 1197 4174 ΙΙ
1215 4112 1246 4158 12
1264 4109 1372 4159 extenti
1389 4111 1522 4160 rudentes

373 4193 445 4244 doc:
463 4193 643 4243 extrudentes
662 4193 720 4242 011.
743 4188 755 4258 ΙΙ
779 4192 897 4255 aequale
917 4193 946 4242 θ.
970 4189 983 4256 ΙΙ
1007 4196 1038 4242 13
1060 4193 1183 4242 habeant
1204 4194 1275 4244 Joa:
1299 4194 1407 4243 habent
1426 4195 1486 4244 GH.
1507 4194 1519 4262 Η

375 4277 407 4326 16
425 4282 533 4327 sonaent
544 4277 574 4326 H
591 4275 619 4339 (ἰ.
631 4293 656 4326 e.
668 4280 769 4326 sonant
779 4283 839 4325 unte
850 4278 900 4340 ips.
913 4293 982 4328 cerr.
995 4277 1032 4332 H,
1046 4282 1145 4327 sonent
1153 4278 1233 4327 H⁶=
1240 4278 1269 4335 0,
1279 4283 1382 4327 sonant
1399 4279 1451 4340 cla).
1465 4275 1477 4344 ΙΙ
1490 4281 1522 4328 17

375 4362 538 4427 catapultae
549 4362 620 4412 Joc.:
634 4361 779 4425 catapulta
793 4361 851 4412 GH.
863 4357 876 4426 ll
887 4363 919 4410 22
929 4363 1149 4426 oppugnationes
1163 4363 1197 4412 G:
1212 4363 1288 4411 -uis
1299 4364 1327 4411 H
1339 4361 1422 4426 (Lle).
1434 4360 1447 4428 ΙΙ
1464 4380 1521 4413 me·

374 4451 496 4496 moratus
513 4453 573 4495 ante
591 4462 659 4496 corr.
679 4445 702 4494 G
723 4445 793 4508 (item
809 4453 869 4494 ante
886 4461 956 4495 corr.
974 4443 1005 4510 l).
1026 4442 1039 4510 ll
1061 4447 1095 4495 23
1118 4446 1349 4512 chartaginenscs
1372 4447 1395 4496 G
1419 4445 1521 4512 (acet),

375 4530 616 4594 chartaginienses
639 4530 668 4578 H
690 4528 722 4592 (l,
747 4531 966 4595 cartaginienses
988 4538 1047 4579 ante
1068 4547 1137 4584 corr.
1156 4531 1202 4594 L).
1229 4528 1242 4596 ΙΙ
1268 4532 1350 4595 gadis
1371 4532 1402 4580 H
1426 4531 1471 4596 (lc)
1496 4539 1522 4581 et

375 4621 434 4663 aare
455 4629 524 4663 corr.
549 4615 571 4664 0
592 4615 689 4679 (gades
709 4614 789 4679 G0L).
810 4609 824 4679 Γ,
847 4617 881 4665 24
903 4615 1062 4679 coepissent
1086 4616 1139 4666 GH
1160 4615 1207 4677 (L,
1226 4617 1369 4680 capissent
1385 4615 1432 4680 le).
1455 4614 1468 4682 ΙΙ
1491 4615 1521 4666 id

376 4697 482 4747 emoliri
501 4697 530 4755 G,
548 4697 713 4749 iddemolliri
731 4699 761 4746 H
777 4699 821 4760 (L,
839 4700 941 4750 demoli
957 4704 975 4763 1,
994 4699 1118 4750 demoliti
1134 4700 1173 4757 ch,
1192 4701 1251 4748 —ri
1267 4699 1316 4766 dc).
