3784 5625
376 607 439 700 ¹232
867 641 1024 690 vrruuvu

375 803 604 887 negotiatores,
628 799 683 884 qui
705 796 747 861 ad
769 805 931 861 extremas
946 795 1094 881 Aegypti
1115 796 1266 879 regiones
1289 795 1518 881 proximasque

375 902 499 968 ultimis
522 901 642 964 finibus
665 910 769 963 terrae
792 897 1036 961 terminationes
1059 895 1200 960 fuerunt.

461 1003 510 1066 De
532 1000 646 1065 mundi
669 1001 755 1063 circa
776 1010 896 1063 terram
911 996 1144 1086 pervolitantia
1158 996 1397 1084 duodecimque
1411 999 1515 1083 signo·
1533 1008 1580 1074 (vl)

376 1128 447 1169 rum
463 1127 505 1168 ex
520 1101 767 1190 septentrionali
781 1099 1025 1185 meridianaque
1040 1108 1132 1185 parte
1146 1098 1292 1164 siderum
1307 1098 1519 1186 dispositione

343 1217 412 1272 sut
435 1207 478 1270 sit
500 1213 672 1291 perspecta
695 1202 802 1268 docui.
846 1224 986 1287 namque
1016 1224 1058 1265 ex
1085 1222 1124 1264 ea
1145 1199 1259 1265 muudi
1282 1204 1468 1267 versatione
1488 1212 1518 1267 et

377 1308 537 1373 contrario
559 1305 636 1370 solis
659 1326 716 1390 per
732 1305 825 1389 signa
840 1325 938 1367 cursu
952 1324 1214 1387 gnomonumque
1228 1302 1518 1389 aequinoctialibus

375 1410 501 1474 umbris
524 1406 812 1471 analemmatorum
834 1404 1045 1469 inveniuntur
1067 1402 1315 1490 descriptiones.
1352 1414 1461 1470 cetera
1480 1418 1546 1470 exa

378 1508 573 1595 astrologia,
602 1529 681 1593 quos
711 1507 843 1571 effectus
871 1505 1014 1569 habeant
1041 1506 1136 1591 signa
1165 1524 1234 1589 ΧΠ,
1264 1504 1379 1570 stellae
1399 1525 1435 1590 v,
1463 1507 1518 1590 sol,

378 1611 454 1675 luna
475 1610 518 1674 ad
539 1609 699 1673 humanae
721 1608 811 1671 vitae
838 1608 1012 1689 rationem,
1042 1605 1280 1671 Chaldaeorum
1302 1608 1518 1674 ratiocinatio-

331 1713 473 1778 ionibus
497 1721 546 1774 est
568 1707 827 1791 eoncedendum,
856 1707 943 1794 quod
971 1709 1104 1795 propria
1131 1717 1180 1773 est
1208 1731 1320 1773 eorum
1342 1709 1517 1795 genethlia-

378 1814 483 1898 logiae
505 1814 588 1876 ratio
610 1812 660 1876 uti
681 1812 808 1897 possint
829 1809 993 1874 antefacta
1015 1819 1047 1874 et
1069 1810 1180 1875 futura
1202 1832 1245 1875 ex
1266 1811 1519 1877 ratiocinationi-

378 1916 439 1979 bus
455 1924 616 1977 astrorum
632 1910 807 1998 explieare.
850 1933 961 1975 eorum
975 1922 1085 1976 autem
1099 1912 1306 1979 inventiones
1321 1912 1521 2000 reliquerunt

379 2018 477 2101 inque
506 2014 651 2079 sollertia
677 2013 945 2098 acuminibusque
977 2012 1110 2078 fuerunt
1135 2015 1262 2099 magnis
1296 2016 1355 2102 qui
1380 2015 1424 2080 ab
1453 2017 1520 2104 ipsa

378 2119 510 2183 natione
526 2113 764 2181 Chaldaeorum
786 2114 1021 2202 profluxerunt,
1044 2116 1232 2203 primusque
1253 2114 1397 2182 Berosus
1419 2118 1455 2181 in
1475 2118 1519 2181 in-

332 2237 361 2285 15
379 2217 450 2284 sula
473 2227 504 2282 et
527 2218 661 2282 civitate
676 2215 744 2281 Coo
767 2215 914 2281 consedit
932 2216 1045 2303 ibique
1065 2217 1194 2304 aperuit
1208 2216 1429 2305 disciplinam,
1451 2229 1522 2306 post

380 2322 410 2385 ei
432 2319 566 2384 studens
589 2318 765 2404 Antipater
787 2319 969 2404 iterumque
991 2317 1237 2402 Athenodorus,
1261 2320 1319 2407 qui
1340 2322 1441 2386 etiam
1460 2344 1522 2387 non

380 2444 398 2485 e
419 2420 588 2485 nascentia
615 2418 673 2483 sed
702 2442 744 2485 ex
766 2420 976 2506 conceptione
1002 2419 1275 2507 genethlialogiae
1302 2411 1446 2489 rationes
1468 2445 1520 2487 ex-

380 2523 516 2611 plicatas
531 2520 675 2608 reliquit.
718 2520 759 2585 de
774 2521 978 2587 naturalibus
992 2531 1103 2585 autem
1116 2521 1214 2588 rebus
1228 2523 1348 2589 Thales
1362 2524 1521 2607 Milesius,
1537 2537 1551 2583 3

379 2626 595 2709 Anaxagoras
624 2622 868 2707 Clazomenius,
897 2624 1102 2711 Pythagoras
1126 2623 1270 2708 Samius,
1304 2626 1523 2715 Xenophanes

329 2750 362 2795 ‘20
381 2721 617 2811 Colophonius,
640 2723 846 2789 Democritus
869 2725 1047 2790 Abderites
1069 2726 1228 2810 rationes,
1252 2727 1371 2814 quibus
1394 2751 1452 2793 eae
1474 2752 1523 2793 res

381 2837 496 2892 natura
518 2849 625 2892 rerum
647 2825 915 2911 gubernarentur,
939 2828 1212 2915 quemadmodum
1233 2832 1372 2916 cumque
1392 2832 1523 2897 effectus

382 2929 522 2993 habeant
551 2929 752 3012 excogitatas
780 2929 992 3016 reliquerunt.
1037 2953 1173 3016 quorum
1199 2931 1334 2996 inventa
1356 2933 1461 2997 secuti
1483 2935 1523 2998 si-

382 3030 496 3095 derum
511 3039 601 3094 ortus
623 3037 655 3092 et
676 3052 809 3095 occasus
824 3031 1132 3118 tempestatiumque
1147 3032 1350 3118 significatus
1367 3033 1524 3099 Eudoxus

383 3132 566 3197 Euctemon
588 3130 758 3219 Callippus
781 3133 870 3198 Meto
898 3132 1070 3220 Philippus
1098 3133 1308 3221 Hipparchus
1329 3135 1454 3202 Aratus
1476 3157 1524 3200 ee-

453 3428 469 3473 3
486 3424 541 3474 XII
559 3438 611 3488 quc
630 3424 685 3473 EG.
708 3419 720 3489 ΙΙ
743 3426 758 3474 5
776 3429 924 3489 perspecta
942 3424 1026 3479 Mun:
1044 3429 1173 3491 pspeetus
1192 3425 1277 3476 EGH.
1294 3422 1307 3492 ΙΙ
1326 3442 1352 3480 v.
1371 3429 1527 3479 econtrario

386 3507 419 3557 E.
441 3503 453 3572 Η
482 3507 638 3570 gnominum
661 3508 746 3559 EGH.
771 3506 782 3575 ΙΙ
806 3508 1023 3573 tanatem-le
1038 3508 1098 3573 EG)
1122 3511 1327 3576 natoru(-ruru
1345 3509 1382 3577 E)
1406 3513 1492 3567 aeli.
1512 3510 1524 3578 ll

386 3594 402 3642 8
422 3589 575 3656 astralogia
596 3591 649 3643 EG.
673 3588 686 3657 {l
707 3592 844 3644 habeant:
863 3596 900 3645 sic
918 3595 1004 3647 auli.
1025 3591 1038 3660 ll
1056 3595 1110 3645 x11
1129 3595 1232 3649 ...V:
1251 3598 1289 3646 sie
1305 3596 1392 3648 EGH.
1414 3594 1428 3665 ss
1446 3601 1462 3649 9
1479 3599 1527 3648 hu·

386 3675 570 3724 monaedes:
590 3677 759 3728 —nr'rEGH
783 3673 796 3743 Η
824 3681 854 3729 10
872 3679 956 3744 quode
980 3680 1046 3744 quia
1068 3679 1102 3731 E.
1125 3675 1137 3745 ΙΙ
1155 3682 1198 3731 ·10
1220 3679 1258 3743 (et
1275 3680 1319 3744 17)
1342 3683 1527 3746 genethlialo-

387 3760 451 3825 giae
472 3760 543 3810 Joc:
570 3761 763 3827 gentililogiae
787 3763 873 3814 EGH.
901 3761 913 3831 Ι]
942 3767 973 3814 ta
990 3764 1166 3816 inventiones
1188 3762 1360 3829 reliquerunt
1381 3767 1466 3832 inque
1489 3766 1527 3830 (in

387 3859 456 3908 quae
477 3845 516 3907 H,
539 3845 621 3911 inquq
641 3846 685 3909 ὅθ)
708 3846 847 3897 sollertia:
875 3850 914 3898 sic
931 3849 1018 3900 EGH.
1040 3845 1053 3917 ΙΙ
1082 3851 1113 3899 15
1131 3865 1193 3900 eoo:
1220 3851 1259 3900 sie
1276 3850 1363 3900 ΕΘΗ,
1385 3847 1399 3917 ΙΙ
1423 3857 1486 3918 post
1502 3852 1526 3902 ei

386 3929 495 3995 (postea
523 3930 550 3979 ei
572 3929 665 3994 Mar.):
699 3936 761 3996 post
789 3948 823 3982 ea
851 3933 936 3984 EGH.
963 3930 976 4000 ΙΙ
1003 3937 1035 3986 16
1061 3934 1212 4000 iterumque
1241 3935 1426 4002 aehinapolus
1452 3938 1528 3989 EGH

386 4014 588 4076 (Athenodorus
614 4014 682 4082 epo).
709 4011 721 4081 ll
749 4018 781 4066 19
805 4015 991 4070 clazomenius
1012 4021 1082 4071 lou:
1113 4019 1274 4085 glagomeus
1297 4019 1383 4075 ΕΘΗ.
1407 4017 1420 4086 ΙΙ
1447 4037 1527 4072 zeno-

385 4099 492 4164 phunes
510 4101 596 4150 ΕΘΗ.
616 4096 629 4165 ΙΙ
649 4102 682 4150 20
701 4100 799 4164 quibus
824 4117 874 4153 cue
897 4118 941 4154 res
960 4120 1018 4169 epo:
1044 4104 1143 4169 quibus
1167 4104 1265 4155 erebus
1287 4103 1526 4170 (quib3er0b311)

386 4183 472 4234 ΕΘΗ.
495 4180 508 4250 ss
530 4186 561 4233 21
581 4184 812 4248 gubernarentur:
841 4190 879 4238 sic
901 4189 987 4239 EGH.
1008 4185 1021 4254 ll
1049 4204 1130 4253 quem
1149 4188 1292 4239 admodum
1316 4204 1406 4254 eumq:
1426 4190 1458 4246 Ε.
1477 4193 1528 4254 que

386 4267 503 4318 admodir
529 4271 592 4335 cfiq,
615 4270 656 4328 H,
678 4272 775 4335 -cr‘rq‚
797 4271 827 4322 G.
855 4269 868 4339 ΙΙ
894 4276 926 4323 ’22
950 4273 1072 4325 habeant
1093 4273 1180 4324 Rode:
1209 4273 1314 4324 habeat
1336 4274 1422 4328 EGH.
1444 4272 1457 4342 ΙΙ
1481 4291 1527 4326 ex·

387 4354 525 4417 cogitatas
548 4355 603 4404 ert:
630 4357 709 4404 -tus
736 4354 822 4406 auli.
851 4353 862 4422 ΙΙ
889 4357 983 4409 sideru
1006 4357 1029 4409 dr
1055 4357 1096 4422 (et
1117 4357 1177 4423 EG)
1201 4372 1317 4410 occasus
1341 4359 1419 4411 aul]
1441 4359 1527 4426 (ortus

385 4440 469 4502 suppl.
490 4439 587 4501 Maca,
604 4444 666 4504 apto
684 4441 740 4490 loeo
758 4440 861 4506 Bura).
884 4437 896 4507 ΙΙ
918 4445 951 4494 23
969 4446 1217 4508 tempestatumque
1236 4443 1322 4494 EGH.
1349 4439 1362 4510 ss
1389 4445 1527 4511 significa·

385 4524 431 4570 tus
449 4522 480 4570 H
495 4518 579 4586 (hlclz
598 4526 674 4573 —tos
692 4523 750 4574 EG.
773 4520 786 4590 Η
808 4527 841 4575 24
860 4526 1012 4577 Euctemon
1029 4529 1113 4579 Rode:
1133 4527 1284 4579 euchemon
1302 4529 1331 4576 H
1348 4526 1428 4593 (Hc),
1447 4545 1527 4580 euze-

388 4620 450 4655 mon
468 4605 526 4658 Eu.
547 4602 560 4672 ll
584 4606 727 4672 Callippus
745 4607 829 4660 Rode:
849 4608 975 4662 callistus
994 4612 1080 4664 EGH.
1094 4607 1108 4679 ΙΙ
1124 4613 1199 4664 Meto
1211 4612 1297 4666 Rode:
1315 4612 1399 4665 mollo
1412 4615 1499 4669 EGH.
1513 4611 1526 4677 ll

388 4687 525 4752 hyparcus
542 4691 580 4752 H,
597 4691 755 4756 hypparcus
771 4692 829 4748 EG.
