3784 5625
373 670 415 734 86
863 680 1022 726 1111111111

460 837 543 901 110111
571 844 684 921 postea
711 834 838 896 Dianae
865 834 1063 896 constituere
1088 832 1203 895 aedem
1225 840 1417 918 quaerentes
1440 832 1554 897 novit

374 939 504 1023 generis
526 936 652 1024 specie,
685 934 789 998 isdem
821 934 973 1017 vestigiis
1000 933 1043 996 ad
1070 932 1261 997 muliebrem
1283 932 1522 998 transtulerunt

373 1038 606 1125 gracilitatem,
630 1046 661 1099 et
676 1036 824 1099 fecerunt
846 1035 987 1121 primum
1008 1033 1177 1099 columnae
1199 1034 1453 1099 crassitudinem
1474 1035 1521 1099 al·

374 1141 526 1206 titudinis
542 1149 658 1203 octava
681 1147 789 1225 parte,
812 1147 848 1200 111
870 1135 1006 1200 haberet
1029 1138 1173 1221 speciem
1195 1135 1419 1200 excelsiorem.
1448 1137 1522 1202 basi

341 1258 356 1305 5
375 1245 497 1330 spiram
511 1248 751 1329 supposuerunt
773 1261 830 1324 pro
853 1237 978 1321 calceo,
1000 1236 1142 1326 capitulo
1164 1236 1294 1303 volutas
1315 1240 1366 1303 nti
1387 1238 1522 1326 capilla-

374 1353 484 1407 mento
500 1343 720 1427 concrispatos
736 1341 903 1403 cincinnos
918 1340 1176 1427 praependentes
1192 1340 1310 1404 dextra
1327 1362 1367 1403 ae
1388 1342 1524 1405 sinistra

376 1434 627 1511 conlocaverunt
649 1452 682 1505 et
703 1442 855 1529 cymatiis
878 1452 911 1505 et
933 1442 1081 1527 encarpis
1103 1464 1162 1527 pro
1184 1442 1330 1505 crinibus
1352 1441 1523 1529 dispositis

376 1549 501 1611 frontes
529 1553 728 1609 ornaverunt
755 1553 933 1629 tumeoque
961 1552 1029 1607 toto
1056 1544 1153 1605 strias
1175 1543 1226 1606 nti
1246 1541 1403 1608 stolarum
1424 1566 1523 1628 rugas

376 1645 549 1712 matronali
575 1666 665 1708 more
692 1644 902 1708 demiserrmt
957 1645 1005 1707 ita
1036 1643 1164 1708 duobus
1196 1643 1442 1709 discriminibus
1471 1668 1522 1710 co·

328 1764 360 1812 10
377 1750 561 1814 lumnarum
576 1746 813 1828 inventionem,
836 1768 936 1809 unam
951 1744 1041 1809 virili
1062 1745 1133 1808 sine
1155 1755 1272 1811 ornatu
1293 1746 1382 1810 nuda
1401 1749 1522 1835 specie,

377 1850 513 1913 alteram
544 1846 696 1911 muliebri
730 1846 911 1913 subtilitate
944 1857 977 1912 et
1011 1856 1127 1912 ornatu
1160 1849 1414 1935 symmetriaque
1447 1857 1524 1912 sunt

378 1952 527 2015 mutuati.
582 1950 704 2036 posteri
737 1971 815 2014 vero
855 1948 1017 2033 elegantia
1048 1948 1296 2035 subtilitateque
1328 1948 1556 2017 iudicioruma

379 2053 545 2139 progressi
572 2060 604 2114 et
630 2049 858 2135 gracilioribus
881 2050 1023 2115 modulis
1046 2048 1201 2115 delectati
1223 2061 1349 2137 septem
1371 2053 1523 2117 crassitu-

275 2187 279 2192 ·
379 2154 466 2218 dinis
498 2152 674 2217 diametros
707 2155 742 2216 in
774 2151 982 2217 altitudinem
1016 2150 1184 2217 columnae
1217 2152 1364 2235 doricae,
1397 2153 1526 2219 ionicae

330 2269 360 2317 15
378 2230 765 2322 novem-constituerunt.
815 2254 851 2317 id
871 2262 981 2317 autem
1001 2275 1122 2338 genus,
1150 2254 1238 2340 quod
1259 2254 1355 2318 Iones
1377 2255 1526 2322 fecerunt

379 2358 500 2445 primo,
524 2356 671 2421 lonicum
694 2366 743 2422 est
765 2356 977 2421 nominatum.

463 2458 611 2523 Tertium
626 2481 719 2542 vero,
743 2458 830 2546 quod
845 2451 1050 2523 Corinthium
1071 2456 1206 2539 dieitur,
1230 2457 1403 2543 virginalis
1425 2458 1525 2525 habet

379 2560 574 2646 gracilitatis
603 2561 834 2641 imitationem,
862 2557 950 2645 quod
972 2559 1117 2643 virgines
1140 2568 1273 2646 propter
1293 2561 1413 2623 aetatis
1435 2570 1524 2625 tene-

379 2664 509 2726 ritatem
537 2660 765 2745 gracilioribus
793 2661 947 2724 membris
970 2659 1129 2746 figuratae
1151 2661 1284 2724 effectus
1306 2662 1470 2749 recipiunt
1492 2666 1526 2727 in

330 2775 363 2824 20
381 2772 497 2828 ornatu
524 2762 737 2826 venustiores.
787 2764 855 2826 eius
883 2771 993 2827 autem
1019 2761 1155 2850 capituli
1182 2763 1287 2850 prima
1308 2763 1456 2829 inventio
1479 2766 1555 2832 sica

381 2873 578 2928 memoratur
610 2884 681 2926 esse
714 2862 810 2926 facta.
854 2865 949 2948 virgo
983 2866 1066 2929 civis
1099 2864 1270 2929 Corinthia
1302 2866 1367 2928 iam
1400 2876 1527 2932 matura

382 2966 505 3051 nuptiis
521 2964 678 3051 inplicata
700 2964 812 3029 morbo
835 2965 987 3030 decessit.
1031 2976 1105 3053 post
1127 2965 1327 3053 sepulturam
1350 2968 1432 3050 eius,
1455 2969 1525 3055 qui-

382 3067 442 3130 bus
473 3088 511 3129 ea
539 3067 633 3151 virgo
661 3066 740 3129 viva
766 3065 945 3153 proclivius
975 3066 1214 3152 delectabatur,
1250 3071 1364 3133 nutrix
1391 3068 1526 3134 collecta

383 3179 415 3232 et
430 3169 609 3256 composita
623 3168 657 3231 in
672 3167 799 3233 calatho
814 3168 949 3257 pertulit
962 3169 1004 3233 ad
1025 3179 1269 3234 monumentum
1291 3180 1323 3235 et
1345 3172 1380 3234 in
1402 3194 1526 3235 summo

331 3285 365 3334 25
383 3268 565 3334 conlocavit
592 3280 640 3353 et,
668 3272 718 3335 uti
746 3293 783 3334 ea
811 3281 1037 3357 permanerent
1066 3270 1188 3335 diutius
1217 3276 1279 3336 sub
1308 3272 1383 3355 diu,
1417 3273 1527 3361 tegula

381 3364 477 3434 texit.
521 3371 549 3434 is
566 3370 713 3435 calathus
729 3371 863 3438 fortuito
886 3394 984 3459 supra
1005 3372 1136 3437 acanthi
1157 3371 1301 3437 radicem
1323 3373 1431 3439 fuerat
1452 3397 1526 3440 con-

381 3470 518 3534 locatus.
568 3473 699 3535 interim
727 3473 870 3559 pondere
897 3496 1011 3562 pressa
1037 3472 1134 3537 radix
1160 3474 1291 3539 acanthi
1318 3474 1427 3539 media
1448 3475 1528 3540 folia

384 3581 416 3636 et
431 3570 606 3636 cauliculos
622 3575 744 3643 circum
765 3597 902 3638 vernum
924 3585 1052 3661 tempus
1075 3574 1238 3661 profudit,
1262 3577 1353 3640 cuius
1376 3577 1528 3642 cauliculi

384 3673 563 3737 secundum
597 3673 716 3739 calathi
748 3675 850 3741 latera
882 3687 1064 3742 crescentes
1098 3687 1130 3740 et
1163 3676 1204 3741 ab
1237 3678 1366 3764 angulis
1400 3680 1527 3765 tegulae

333 3792 366 3841 30
384 3774 537 3862 ponderis
553 3778 746 3842 necessitate
762 3781 909 3865 expressi
931 3779 1073 3844 flexuras
1095 3780 1130 3842 in
1152 3789 1315 3844 extremas
1338 3791 1448 3868 partes
1471 3805 1527 3848 vo-

453 4021 466 4066 1
485 4018 550 4068 novi
569 4017 678 4084 generis
696 4019 790 4083 specie
808 4035 869 4084 epo:
887 4035 914 4073 n.
928 4035 954 4085 g.
967 4020 1088 4085 speciem
1109 4019 1166 4070 GH.
1190 4016 1202 4086 Η
1224 4019 1412 4074 3altitndinis
1426 4024 1461 4077 G:
1480 4041 1527 4078 om.

384 4100 417 4148 H
436 4098 516 4166 (Llc).
540 4097 552 4167 11
580 4103 596 4152 8
619 4103 701 4152 strias
726 4103 759 4153 G:
783 4103 878 4153 istriae
896 4105 927 4153 H
948 4103 994 4166 (lc,
1013 4104 1128 4154 histriae
1150 4104 1194 4167 L).
1218 4101 1230 4170 ΙΙ
1253 4120 1337 4171 rugus
1354 4106 1392 4157 H.
1412 4104 1425 4174 ΙΙ
1447 4109 1528 4158 9110-

385 4185 517 4235 miserunt
536 4185 607 4251 (6⁶):
627 4186 788 4238 dimiserunt
808 4188 865 4241 GH.
889 4184 901 4254 ll
929 4189 969 4237 ita
988 4188 1108 4252 (111116)
1128 4188 1246 4239 duobus:
1264 4191 1302 4239 sic
1322 4190 1380 4243 GH.
1404 4188 1416 4259 ΙΙ
1439 4194 1471 4244 10
1487 4193 1528 4244 vi-

385 4267 445 4317 rilis
463 4267 609 4333 inornaltu
626 4279 685 4322 ante
703 4288 772 4323 corr.
793 4272 822 4323 G.
839 4268 852 4337 ΙΙ
868 4271 941 4323 nuda
960 4273 1055 4337 speeie
1073 4289 1132 4338 epo:
1151 4273 1253 4323 nudam
1271 4275 1394 4340 speciem
1412 4277 1445 4326 H
1460 4275 1527 4341 (sic),

385 4352 457 4402 nuda
474 4354 563 4419 apetie
582 4355 609 4405 G.
631 4351 643 4421 ΙΙ
667 4359 765 4407 11-12
783 4354 940 4406 subtilitate
1028 4357 1172 4425 elegantia
1192 4359 1226 4408 G:
1250 4375 1299 4410 om.
1317 4358 1350 4407 H
1365 4357 1446 4425 (hle).
1463 4357 1475 4427 ΙΙ
1496 4363 1528 4411 14

386 4452 481 4522 datico
499 4463 558 4506 ante
575 4472 643 4507 corr.
663 4447 704 4522 (ᾇ)
722 4458 759 4506 H.
782 4453 794 4524 ΙΙ
819 4459 850 4508 15
869 4473 956 4524 genus
973 4461 1033 4510 add.
1053 4461 1122 4509 Phil.
1145 4455 1157 4525 ΙΙ
1181 4461 1212 4509 17
1230 4460 1384 4534 virginales
1404 4463 1439 4514 H.
1460 4459 1473 4530 H
1495 4465 1528 4514 23

387 4555 534 4619 proclivius
553 4573 613 4621 epo:
636 4557 743 4623 poculis
763 4560 822 4612 GH.
844 4555 856 4624 ΙΙ
879 4562 912 4610 24
928 4549 1008 4624 eumd
1023 4562 1065 4612 6⁶.
1091 4558 1103 4626 ΙΙ
1124 4561 1158 4611 25
1170 4561 1216 4610 din
1226 4569 1285 4611 onte
1297 4579 1366 4617 corr.
1381 4562 1435 4612 GH
1437 4563 1527 4612 :diuo
1568 4616 1571 4620 ,

389 4628 464 4688 (1¹le
482 4638 562 4703 (Ide),
586 4637 598 4707 Η
615 4641 651 4689 ’26
669 4641 783 4693 fortuito
798 4644 862 4694 GH:
880 4651 946 4694 -tu
958 4645 1000 4694 H0
1011 4642 1092 4710 (Ltc).
1109 4641 1121 4710 ΙΙ
1138 4646 1253 4695 aehanti
1266 4646 1319 4696 GH
1330 4644 1399 4711 (item
1410 4665 1432 4698 0.
1442 4647 1497 4712 27).
1513 4643 1526 4712 11

388 4720 481 4772 fuerat
501 4724 535 4776 0:
556 4723 640 4774 fuerit
657 4725 689 4773 H
704 4722 783 4789 (hle).
