3784 5625
684 678 731 725 nu
754 677 1022 725 assumserunt
1046 680 1114 727 nm.
1137 680 1188 725 111.
1469 666 1509 730 79

362 831 487 896 tudine.
532 819 651 894 deinde
679 807 735 894 eae
762 830 867 894 lineae
889 829 1080 896 dividantur
1101 833 1148 895 ita
1168 841 1205 896 ut
1227 820 1379 918 quattuor
1400 844 1509 919 partes

363 941 395 996 et
411 930 552 995 dimidia
567 931 628 996 sub
643 931 745 996 abaco
761 931 997 1018 relinquantur.
1026 943 1105 996 tunc
1119 934 1154 996 in
1177 955 1213 997 eo
1236 932 1317 1016 loco,
1341 936 1397 1019 qui
1419 934 1508 999 locus

362 1032 486 1115 dividit
515 1041 668 1118 quattuor
695 1041 727 1096 et
755 1032 925 1102 dimidiam
954 1044 986 1098 et
1012 1044 1079 1099 tres
1107 1043 1139 1099 et
1174 1033 1343 1099 dimidiam
1370 1046 1507 1122 partem,

365 1144 517 1200 centrum
532 1132 618 1198 oculi
633 1144 772 1221 ponatur
794 1136 1005 1225 signeturque
1028 1158 1070 1199 ex
1093 1157 1130 1199 eo
1153 1145 1263 1201 centro
1285 1137 1424 1202 rotunda
1446 1139 1506 1201 cir·

362 1236 485 1299 cinatio
507 1244 575 1299 tam
597 1257 715 1320 magna
736 1236 771 1299 in
793 1235 952 1301 diametro
975 1259 1070 1324 quam
1092 1259 1158 1301 una
1178 1259 1253 1324 pars
1277 1259 1319 1301 ex
1341 1249 1413 1303 octo
1435 1262 1507 1325 par·
1526 1257 1542 1305 5

361 1336 452 1402 tibus
481 1345 541 1401 est.
591 1359 629 1400 ea
651 1338 714 1401 erit
736 1338 820 1402 oculi
842 1338 1033 1423 magnitudo
1056 1349 1088 1402 et
1109 1339 1144 1401 in
1166 1360 1204 1403 ea
1225 1339 1354 1404 catheto
1374 1364 1507 1427 respon·

362 1439 445 1504 dens
461 1439 638 1503 diametros
654 1448 780 1522 agatur.
818 1449 896 1504 tunc
910 1440 953 1505 ab
976 1462 1101 1505 summo
1124 1440 1185 1504 sub
1207 1440 1308 1507 abaco
1330 1443 1507 1529 inceptum,
1577 1474 1582 1481 ·

361 1542 397 1604 in
426 1539 565 1625 singulis
588 1549 803 1605 tetrantorum
824 1541 1008 1606 actionibus
1031 1541 1238 1606 dimidiatum
1260 1542 1345 1608 oculi
1366 1546 1508 1629 spatium

360 1643 545 1723 minuatur,
575 1642 723 1728 doneque
749 1644 785 1706 in
813 1643 952 1707 eundem
979 1652 1152 1707 tetrantem
1174 1646 1231 1729 qui
1253 1654 1302 1709 est
1324 1645 1385 1709 sub
1406 1645 1508 1710 abaco

327 1762 343 1810 7
362 1743 485 1807 veniat.
529 1742 664 1830 'capimli
685 1754 794 1808 autem
816 1736 998 1808 crassitudo
1021 1746 1068 1807 sic
1090 1754 1150 1808 est.
1160 1745 1310 1809 facienda
1330 1756 1367 1811 ut
1389 1769 1431 1810 ex
1452 1769 1507 1811 no·
1527 1767 1558 1813 10

361 1867 437 1909 vem
452 1844 601 1931 partibus
617 1855 648 1909 et
663 1844 802 1909 dimidia
815 1856 881 1911 tres
904 1855 1012 1932 partes
1033 1846 1277 1932 praependeant
1298 1847 1385 1911 infra
1405 1858 1507 1912 astra-

361 1945 472 2032 galum
495 1948 612 2011 summi
634 1948 736 2033 scapi,
759 1949 911 2034 cymatio,
933 1947 1087 2034 adempto
1109 1949 1210 2012 abaco
1234 1959 1265 2013 et
1288 1948 1409 2031 canali,
1432 1948 1506 2013 reli-

362 2070 428 2135 qua
454 2050 499 2112 sit
520 2070 607 2134 pars.
655 2049 839 2135 proiectura
866 2059 976 2114 autem
1003 2051 1138 2137 cymatii
1159 2050 1278 2115 habeat
1300 2062 1393 2115 extra
1414 2050 1508 2115 abaci

361 2150 520 2236 quadram
547 2148 633 2214 oculi
659 2151 928 2235 magnitudinem.
978 2150 1188 2238 pulvinorum
1215 2151 1315 2216 baltei
1343 2153 1385 2216 ab
1406 2153 1507 2217 abaco

361 2252 447 2317 hanc
469 2251 610 2315 habeant
631 2254 847 2337 proiecturam
869 2254 919 2317 uti
941 2254 1056 2317 circini
1078 2262 1225 2316 centrum
1245 2277 1345 2317 unum
1368 2275 1441 2317 cum
1464 2255 1507 2317 sit
1527 2274 1557 2321 15

361 2355 505 2446 positum
533 2354 569 2417 iu
597 2352 732 2440 capituli
759 2362 899 2418 tetrante
928 2364 960 2418 et
981 2354 1117 2417 alterum
1141 2353 1313 2418 diducatur
1334 2354 1375 2417 ad
1399 2363 1504 2418 extre-

363 2477 452 2519 mum
491 2455 688 2542 cymatium,
727 2456 957 2519 circumactum
991 2454 1169 2520 balteorum
1201 2464 1363 2519 extremas
1396 2464 1505 2541 partes

361 2565 489 2642 tangat.
523 2579 603 2621 axes
617 2555 802 2621 volutarum
815 2579 856 2621 ne
870 2559 1046 2622 crassiores
1068 2558 1134 2621 sint
1156 2577 1252 2642 quam
1273 2555 1359 2621 oculi
1380 2557 1504 2641 magni·

361 2658 460 2741 tudo,
489 2658 683 2744 volutaeque
710 2660 801 2746 ipsae
829 2660 1039 2723 succidantur
1059 2657 1102 2721 ad
1123 2657 1306 2722 altitudinis
1329 2680 1406 2723 suae
1428 2658 1505 2722 duo·

364 2760 525 2825 decimam
545 2769 679 2847 partem.
723 2760 804 2826 haec
827 2770 920 2826 erunt
942 2761 1152 2849 symmetriae
1174 2758 1401 2848 capitulorum,
1424 2782 1506 2846 quae
1524 2784 1556 2832 20

362 2861 533 2927 columnae
568 2862 698 2927 futurae
731 2873 807 2927 sunt
838 2864 880 2927 ab
912 2864 1046 2929 minimo
1079 2862 1121 2926 ad
1154 2863 1254 2950 pedes
1285 2880 1370 2927 xxv.
1424 2884 1507 2949 quae

364 2985 464 3051 supra
490 2974 586 3028 erunt
610 2965 753 3052 reliquas
780 2964 948 3029 habebunt
975 2964 1018 3028 ad
1046 2965 1184 3029 eundem
1210 2963 1342 3028 modum
1366 2953 1505 3050 symme-

362 3069 464 3149 trias,
486 3065 606 3155 abaeus
622 3075 730 3130 autem
746 3067 807 3130 erit
821 3066 938 3151 longus
955 3076 987 3131 et
1001 3065 1085 3131 latus
1109 3089 1203 3152 quam
1227 3087 1336 3129 crassa
1358 3065 1507 3130 columna

364 3177 414 3232 est
443 3167 509 3230 ima
535 3167 664 3232 adiecta
691 3176 783 3253 parte
811 3186 906 3249 vl111,
935 3169 984 3232 uti
1014 3191 1076 3254 quo
1103 3168 1209 3231 minus
1238 3167 1389 3230 habuerit
1410 3165 1506 3230 altior

434 3360 448 3407 1
468 3373 519 3408 eae
536 3357 568 3406 H
583 3356 631 3421 (sic
643 3356 742 3408 deinde
752 3357 879 3408 aelmeae
897 3357 929 3406 Η
944 3358 982 3418 eb,
1001 3357 1091 3423 elrneq
1103 3356 1135 3421 l):
1153 3356 1224 3422 th
1243 3355 1296 3422 (hae
1308 3357 1339 3414 L,
1352 3355 1405 3405 hae
1424 3355 1475 3421 hc).
1491 3352 1503 3420 Η

364 3446 381 3494 2
400 3443 471 3493 abco
489 3449 549 3492 unte
566 3457 634 3494 corr.
654 3442 691 3495 H.
715 3437 727 3509 ΙΙ
749 3441 940 3508 relinquantur
953 3442 974 3491 G
987 3441 1100 3507 (trecop
1118 3446 1251 3507 —quatur
1268 3443 1298 3491 H
1310 3441 1349 3504 (l).
1368 3437 1380 3508 ll
1403 3440 1506 3491 loculi

364 3531 484 3594 ponatur
500 3527 680 3592 signeturque
699 3543 745 3592 epo
764 3525 849 3590 (oculi
866 3528 993 3593 signetur
1016 3526 1184 3591 ducaturque
1210 3525 1293 3589 duel:
1319 3514 1393 3576 oculi
1415 3527 1505 3592 signe·

363 3619 464 3679 turquc
482 3611 512 3662 H
530 3611 574 3676 (lc,
593 3612 668 3662 oculi
680 3612 898 3678 signetur.-quia
915 3610 962 3676 L),
981 3610 1053 3660 oculi
1067 3646 1074 3659 .
1087 3609 1270 3676 signeturque
1285 3611 1314 3667 G,
1338 3607 1349 3676 Η
1372 3611 1505 3675 bmagni-

363 3697 433 3748 tudo
452 3697 522 3749 aaa:
541 3694 639 3747 —dine
654 3696 712 3748 GH.
734 3692 746 3762 [l
770 3695 882 3746 catheto
894 3697 964 3748 doc:
984 3695 1134 3745 cathecton
1148 3695 1198 3744 GH
1210 3694 1283 3757 (aas,
1298 3695 1429 3744 catheton
1446 3697 1475 3758 l).
1490 3691 1502 3758 {l

363 3783 380 3832 8
399 3785 597 3833 tetrantorum:
623 3781 661 3830 ric
681 3781 738 3832 GH.
762 3776 774 3846 ΙΙ
797 3780 955 3845 9doneque
978 3779 1118 3843 (donicum
1138 3781 1208 3836 Joc,
1232 3779 1350 3844 donique
1374 3778 1502 3839 Lucani:

363 3865 485 3933 denique
504 3866 556 3917 GH
575 3863 641 3929 (Llc,
661 3864 779 3928 deinque
800 3866 841 3924 (1¹⁶,
860 3864 959 3914 deinde
978 3871 1037 3914 ante
1054 3865 1184 3928 ipacorr.
1202 3862 1231 3926 1).
1253 3858 1265 3929 ΙΙ
1288 3863 1391 3914 subaco
1409 3863 1505 3911 veniat

365 3952 397 4010 G,
414 3951 465 4002 sub
488 3950 674 4001 abconveniat
692 3950 732 4007 H,
755 3949 805 4000 sub
824 3949 1030 4000 abaconveniat
1048 3946 1076 4012 (a
1092 3963 1173 4013 supra
1194 3949 1278 3998 adsrr.
1297 3950 1323 3997 in
1341 3947 1379 4010 H)
1398 3943 1503 4008 licat,

364 4037 415 4087 sub
434 4036 490 4086 aba
507 4033 621 4086 Eveniat
636 4035 675 4092 clr,
693 4034 743 4084 sub
763 4028 964 4103 abaeoqteniat
985 4033 1041 4095 Lc).
1066 4028 1077 4097 [l
1106 4035 1136 4082 11
1157 4031 1345 4097 astragaglum
1367 4036 1426 4079 uate
1448 4045 1501 4080 rus.

362 4121 401 4171 H.
424 4116 437 4188 ΙΙ
461 4121 495 4171 12
511 4117 641 4184 adempto
659 4120 713 4171 ed:
743 4118 843 4183 adepto
864 4118 922 4167 GH.
947 4114 959 4183 ΙΙ
983 4120 1014 4167 13
1034 4117 1137 4181 cymati
1159 4116 1195 4167 H.
1218 4111 1230 4181 []
1253 4115 1356 4165 habeat
1378 4114 1428 4163 GH
1454 4112 1502 4175 (cle,

363 4204 444 4257 hab&
460 4201 517 4268 la).
540 4199 553 4270 ss
577 4204 609 4253 14
631 4202 719 4254 baltei
741 4202 777 4252 ab
801 4202 888 4252 abaco
914 4202 949 4252 G:
972 4201 1062 4251 baltei
1084 4199 1172 4250 abaco
1189 4200 1221 4248 H
1237 4198 1285 4262 (L,
1309 4197 1396 4262 paltei
1415 4196 1503 4246 abaco

363 4290 401 4348 cd,
418 4287 518 4355 paldei
536 4287 626 4338 abaco
643 4286 671 4351 t).
691 4283 703 4353 ΙΙ
726 4289 758 4336 16
776 4285 924 4335 diducatur
943 4286 965 4336 G
971 4303 977 4338 :
998 4285 1152 4335 deducatur
1169 4284 1198 4331 H
1210 4280 1290 4344 (hle).
1310 4278 1323 4348 ΙΙ
1346 4284 1377 4332 17
1395 4281 1503 4347 polteo·

364 4389 421 4424 rum
438 4373 493 4424 Hele
515 4369 682 4437 (pluteorum
700 4377 760 4421 unte
784 4386 852 4420 corr.
870 4369 901 4432 l).
923 4367 935 4434 ΙΙ
964 4371 995 4419 18
1013 4385 1048 4419 ne
1070 4370 1142 4419 Joe:
1164 4381 1217 4417 nec
1241 4366 1299 4416 GH.
1327 4361 1339 4431 11
1364 4370 1427 4416 sunt
1443 4373 1503 4414 oute

363 4475 415 4514 raa.
434 4459 464 4509 G.
488 4452 502 4524 ΙΙ
526 4458 559 4507 19
577 4455 754 4506 succidantur
768 4455 803 4505 ad
816 4453 974 4504 altitudinis
991 4454 1076 4504 Man:
1095 4453 1136 4502 sic
1156 4450 1289 4501 cedantur
1308 4448 1360 4513 (sic
1373 4450 1504 4515 cedantur

365 4544 406 4603 dc,
423 4547 466 4597 sic
486 4540 623 4593 cedantur
641 4541 686 4600 Lo,
705 4539 883 4590 siceedantur
900 4536 919 4601 t)
944 4536 1102 4586 altitudinis
1122 4535 1180 4585 GH.
1208 4532 1219 4600 ΙΙ
1247 4532 1281 4584 20
1298 4533 1369 4584 haec
1393 4533 1446 4583 GH
1461 4534 1503 4596 (lc,

364 4643 404 4695 bre
421 4645 468 4710 L).
499 4640 513 4709 ΙΙ
541 4635 783 4708 capituloru.'quq
808 4641 842 4691 G:
870 4639 1106 4704 capitulorumque
1130 4639 1158 4687 H
1180 4635 1260 4701 (Lle).
1288 4633 1301 4703 ll
1327 4639 1360 4687 22
1383 4635 1504 4701 reliquas

364 4728 445 4785 Rode:
465 4727 579 4794 reliqua
598 4727 657 4780 GH.
680 4723 693 4794 {l
715 4727 748 4776 24
766 4725 847 4776 VIIII
867 4724 920 4774 GH
936 4721 1003 4789 (Llc,
1022 4738 1095 4775 nona
1111 4739 1192 4790 supro
1209 4737 1260 4772 scr.
1280 4720 1334 4786 Ge),
