<?xml version="1.0" encoding="UTF-8"?>
<!DOCTYPE html PUBLIC "-//W3C//DTD XHTML 1.0 Transitional//EN"
    "http://www.w3.org/TR/xhtml1/DTD/xhtml1-transitional.dtd">
<html xmlns="http://www.w3.org/1999/xhtml" xml:lang="en" lang="en">
 <head>
  <title>
</title>
<meta http-equiv="Content-Type" content="text/html;charset=utf-8" />
  <meta name='ocr-system' content='tesseract 3.04.00' />
  <meta name='ocr-capabilities' content='ocr_page ocr_carea ocr_par ocr_line ocrx_word'/>
</head>
<body>
  <div class='ocr_page' id='page_1' title='image "./vitruviidearchi01strgoog_0056.png"; bbox 0 0 3784 5625; ppageno 0'>
   <div class='ocr_carea' id='block_1_1' title="bbox 423 665 1077 729">
    <p class='ocr_par' dir='ltr' id='par_1_1' title="bbox 423 665 1077 729">
     <span class='ocr_line' id='line_1_1' title="bbox 423 665 1077 729; baseline 0.002 -10"><span class='ocrx_word' id='word_1_1' title='bbox 423 665 464 729; x_wconf 82' lang='grc'>38</span> <span class='ocrx_word' id='word_1_2' title='bbox 914 674 1077 722; x_wconf 85' lang='lat' dir='ltr'>VITRUVII</span> 
     </span>
    </p>
   </div>
   <div class='ocr_carea' id='block_1_2' title="bbox 379 826 1607 2845">
    <p class='ocr_par' dir='ltr' id='par_1_2' title="bbox 379 826 1607 2845">
     <span class='ocr_line' id='line_1_2' title="bbox 424 826 1574 920; baseline -0.003 -23"><span class='ocrx_word' id='word_1_3' title='bbox 424 841 570 920; x_wconf 79' lang='lat' dir='ltr'>oporteat</span> <span class='ocrx_word' id='word_1_4' title='bbox 592 830 710 895; x_wconf 89' lang='lat' dir='ltr'>dicam.</span> <span class='ocrx_word' id='word_1_5' title='bbox 753 852 819 893; x_wconf 90' lang='lat' dir='ltr'>non</span> <span class='ocrx_word' id='word_1_6' title='bbox 841 828 927 891; x_wconf 90' lang='lat' dir='ltr'>enim</span> <span class='ocrx_word' id='word_1_7' title='bbox 950 827 991 891; x_wconf 90' lang='lat' dir='ltr'>de</span> <span class='ocrx_word' id='word_1_8' title='bbox 1012 826 1170 893; x_wconf 82' lang='lat' dir='ltr'>harenoso</span> <span class='ocrx_word' id='word_1_9' title='bbox 1192 849 1298 912; x_wconf 89' lang='lat' dir='ltr'>neque</span> <span class='ocrx_word' id='word_1_10' title='bbox 1320 826 1482 892; x_wconf 84' lang='lat' dir='ltr'>calculoso</span> <span class='ocrx_word' id='word_1_11' title='bbox 1504 827 1574 893; x_wconf 92' lang='lat' dir='ltr'>luto</span> 
     </span>
     <span class='ocr_line' id='line_1_3' title="bbox 424 928 1573 1025; baseline -0.003 -27"><span class='ocrx_word' id='word_1_12' title='bbox 424 954 530 1019; x_wconf 91' lang='lat' dir='ltr'>neque</span> <span class='ocrx_word' id='word_1_13' title='bbox 552 930 709 996; x_wconf 77' lang='lat' dir='ltr'>sabulone</span> <span class='ocrx_word' id='word_1_14' title='bbox 731 928 837 995; x_wconf 92' lang='lat' dir='ltr'>soluto</span> <span class='ocrx_word' id='word_1_15' title='bbox 859 938 935 993; x_wconf 89' lang='lat' dir='ltr'>sunt</span> <span class='ocrx_word' id='word_1_16' title='bbox 960 928 1117 1010; x_wconf 87' lang='lat' dir='ltr'>ducendi,</span> <span class='ocrx_word' id='word_1_17' title='bbox 1148 928 1239 1025; x_wconf 89' lang='lat' dir='ltr'>qnod</span> <span class='ocrx_word' id='word_1_18' title='bbox 1257 950 1300 991; x_wconf 87' lang='lat' dir='ltr'>ex</span> <span class='ocrx_word' id='word_1_19' title='bbox 1320 928 1372 993; x_wconf 89' lang='lat' dir='ltr'>his</span> <span class='ocrx_word' id='word_1_20' title='bbox 1394 929 1573 1014; x_wconf 89' lang='lat' dir='ltr'>generibus</span> 
     </span>
     <span class='ocr_line' id='line_1_4' title="bbox 425 1030 1574 1118; baseline -0.005 -19"><span class='ocrx_word' id='word_1_21' title='bbox 425 1058 498 1099; x_wconf 90' lang='lat' dir='ltr'>cum</span> <span class='ocrx_word' id='word_1_22' title='bbox 521 1035 586 1098; x_wconf 90' lang='lat' dir='ltr'>sint</span> <span class='ocrx_word' id='word_1_23' title='bbox 608 1033 698 1097; x_wconf 87' lang='lat' dir='ltr'>ducti</span> <span class='ocrx_word' id='word_1_24' title='bbox 721 1033 862 1118; x_wconf 89' lang='lat' dir='ltr'>primum</span> <span class='ocrx_word' id='word_1_25' title='bbox 884 1031 966 1095; x_wconf 90' lang='lat' dir='ltr'>fiunt</span> <span class='ocrx_word' id='word_1_26' title='bbox 993 1053 1129 1115; x_wconf 83' lang='lat' dir='ltr'>graves,</span> <span class='ocrx_word' id='word_1_27' title='bbox 1158 1030 1277 1094; x_wconf 89' lang='lat' dir='ltr'>deinde</span> <span class='ocrx_word' id='word_1_28' title='bbox 1299 1052 1373 1094; x_wconf 90' lang='lat' dir='ltr'>cum</span> <span class='ocrx_word' id='word_1_29' title='bbox 1394 1030 1437 1093; x_wconf 91' lang='lat' dir='ltr'>ab</span> <span class='ocrx_word' id='word_1_30' title='bbox 1459 1030 1574 1094; x_wconf 91' lang='lat' dir='ltr'>imbri-</span> 
     </span>
     <span class='ocr_line' id='line_1_5' title="bbox 425 1121 1574 1221; baseline -0.006 -19"><span class='ocrx_word' id='word_1_31' title='bbox 425 1136 486 1202; x_wconf 85' lang='lat' dir='ltr'>bus</span> <span class='ocrx_word' id='word_1_32' title='bbox 509 1136 544 1199; x_wconf 93' lang='lat' dir='ltr'>in</span> <span class='ocrx_word' id='word_1_33' title='bbox 565 1133 745 1221; x_wconf 87' lang='lat' dir='ltr'>parietibus</span> <span class='ocrx_word' id='word_1_34' title='bbox 769 1143 981 1219; x_wconf 85' lang='lat' dir='ltr'>sparguntur,</span> <span class='ocrx_word' id='word_1_35' title='bbox 1005 1121 1196 1197; x_wconf 81' lang='lat' dir='ltr'>dilabuntur</span> <span class='ocrx_word' id='word_1_36' title='bbox 1217 1142 1247 1196; x_wconf 88' lang='lat' dir='ltr'>et</span> <span class='ocrx_word' id='word_1_37' title='bbox 1271 1130 1496 1196; x_wconf 88' lang='lat' dir='ltr'>dissolvuntur</span> <span class='ocrx_word' id='word_1_38' title='bbox 1519 1155 1574 1218; x_wconf 90' lang='lat' dir='ltr'>pa·</span> 
     </span>
     <span class='ocr_line' id='line_1_6' title="bbox 392 1233 1575 1323; baseline -0.003 -23"><span class='ocrx_word' id='word_1_39' title='bbox 392 1238 558 1323; x_wconf 76' lang='lat' dir='ltr'>oleaeque</span> <span class='ocrx_word' id='word_1_40' title='bbox 573 1238 608 1299; x_wconf 89' lang='lat' dir='ltr'>in</span> <span class='ocrx_word' id='word_1_41' title='bbox 623 1238 650 1299; x_wconf 88' lang='lat' dir='ltr'>is</span> <span class='ocrx_word' id='word_1_42' title='bbox 667 1257 732 1299; x_wconf 90' lang='lat' dir='ltr'>non</span> <span class='ocrx_word' id='word_1_43' title='bbox 755 1234 986 1299; x_wconf 88' lang='lat' dir='ltr'>cohaerescunt</span> <span class='ocrx_word' id='word_1_44' title='bbox 1008 1244 1141 1321; x_wconf 91' lang='lat' dir='ltr'>propter</span> <span class='ocrx_word' id='word_1_45' title='bbox 1162 1234 1383 1320; x_wconf 79' lang='lat' dir='ltr'>asperitatem.</span> <span class='ocrx_word' id='word_1_46' title='bbox 1428 1233 1575 1297; x_wconf 89' lang='lat' dir='ltr'>faciendi</span> 
     </span>
     <span class='ocr_line' id='line_1_7' title="bbox 425 1335 1575 1403; baseline -0.003 0"><span class='ocrx_word' id='word_1_47' title='bbox 425 1350 533 1403; x_wconf 88' lang='lat' dir='ltr'>autem</span> <span class='ocrx_word' id='word_1_48' title='bbox 548 1347 624 1401; x_wconf 88' lang='lat' dir='ltr'>sunt</span> <span class='ocrx_word' id='word_1_49' title='bbox 640 1348 784 1401; x_wconf 86' lang='lat' dir='ltr'>exterra</span> <span class='ocrx_word' id='word_1_50' title='bbox 802 1335 918 1399; x_wconf 80' lang='lat' dir='ltr'>albida</span> <span class='ocrx_word' id='word_1_51' title='bbox 941 1346 1068 1400; x_wconf 88' lang='lat' dir='ltr'>cretosa</span> <span class='ocrx_word' id='word_1_52' title='bbox 1091 1338 1162 1401; x_wconf 89' lang='lat' dir='ltr'>sive</span> <span class='ocrx_word' id='word_1_53' title='bbox 1185 1335 1226 1398; x_wconf 92' lang='lat' dir='ltr'>de</span> <span class='ocrx_word' id='word_1_54' title='bbox 1248 1335 1377 1399; x_wconf 85' lang='lat' dir='ltr'>rubrica</span> <span class='ocrx_word' id='word_1_55' title='bbox 1398 1347 1455 1400; x_wconf 89' lang='lat' dir='ltr'>aut</span> <span class='ocrx_word' id='word_1_56' title='bbox 1477 1337 1575 1400; x_wconf 85' lang='lat' dir='ltr'>etiam</span> 
     </span>
     <span class='ocr_line' id='line_1_8' title="bbox 426 1436 1575 1524; baseline -0.003 -19"><span class='ocrx_word' id='word_1_57' title='bbox 426 1437 570 1505; x_wconf 89' lang='lat' dir='ltr'>masculo</span> <span class='ocrx_word' id='word_1_58' title='bbox 607 1436 773 1501; x_wconf 87' lang='lat' dir='ltr'>sabulone.</span> <span class='ocrx_word' id='word_1_59' title='bbox 837 1436 919 1501; x_wconf 87' lang='lat' dir='ltr'>haec</span> <span class='ocrx_word' id='word_1_60' title='bbox 956 1438 1043 1500; x_wconf 89' lang='lat' dir='ltr'>enim</span> <span class='ocrx_word' id='word_1_61' title='bbox 1078 1459 1199 1522; x_wconf 88' lang='lat' dir='ltr'>genera</span> <span class='ocrx_word' id='word_1_62' title='bbox 1236 1446 1369 1524; x_wconf 88' lang='lat' dir='ltr'>propter</span> <span class='ocrx_word' id='word_1_63' title='bbox 1405 1436 1575 1501; x_wconf 87' lang='lat' dir='ltr'>levitatem</span> 
     </span>
     <span class='ocr_line' id='line_1_9' title="bbox 426 1539 1574 1625; baseline -0.003 -20"><span class='ocrx_word' id='word_1_64' title='bbox 426 1542 549 1606; x_wconf 90' lang='lat' dir='ltr'>habent</span> <span class='ocrx_word' id='word_1_65' title='bbox 574 1541 764 1604; x_wconf 89' lang='lat' dir='ltr'>firmitatem</span> <span class='ocrx_word' id='word_1_66' title='bbox 789 1548 824 1602; x_wconf 87' lang='lat' dir='ltr'>et</span> <span class='ocrx_word' id='word_1_67' title='bbox 851 1560 916 1602; x_wconf 93' lang='lat' dir='ltr'>non</span> <span class='ocrx_word' id='word_1_68' title='bbox 943 1549 1019 1604; x_wconf 88' lang='lat' dir='ltr'>sunt</span> <span class='ocrx_word' id='word_1_69' title='bbox 1049 1541 1083 1602; x_wconf 93' lang='lat' dir='ltr'>in</span> <span class='ocrx_word' id='word_1_70' title='bbox 1110 1561 1207 1625; x_wconf 90' lang='lat' dir='ltr'>opere</span> <span class='ocrx_word' id='word_1_71' title='bbox 1236 1539 1417 1625; x_wconf 89' lang='lat' dir='ltr'>ponderosa</span> <span class='ocrx_word' id='word_1_72' title='bbox 1440 1549 1472 1603; x_wconf 88' lang='lat' dir='ltr'>et</span> <span class='ocrx_word' id='word_1_73' title='bbox 1495 1539 1574 1603; x_wconf 87' lang='lat' dir='ltr'>faci-</span> 
     </span>
     <span class='ocr_line' id='line_1_10' title="bbox 427 1639 1607 1727; baseline -0.003 -23"><span class='ocrx_word' id='word_1_74' title='bbox 427 1643 502 1708; x_wconf 85' lang='lat' dir='ltr'>liter</span> <span class='ocrx_word' id='word_1_75' title='bbox 522 1650 730 1727; x_wconf 77' lang='lat' dir='ltr'>aggeruntur.</span> <span class='ocrx_word' id='word_1_76' title='bbox 761 1639 903 1705; x_wconf 91' lang='lat' dir='ltr'>ducendi</span> <span class='ocrx_word' id='word_1_77' title='bbox 924 1650 1033 1704; x_wconf 90' lang='lat' dir='ltr'>autem</span> <span class='ocrx_word' id='word_1_78' title='bbox 1056 1648 1132 1703; x_wconf 89' lang='lat' dir='ltr'>sunt</span> <span class='ocrx_word' id='word_1_79' title='bbox 1154 1662 1211 1726; x_wconf 89' lang='lat' dir='ltr'>per</span> <span class='ocrx_word' id='word_1_80' title='bbox 1233 1662 1370 1704; x_wconf 83' lang='lat' dir='ltr'>vernum</span> <span class='ocrx_word' id='word_1_81' title='bbox 1391 1650 1520 1727; x_wconf 91' lang='lat' dir='ltr'>tempus</span> <span class='ocrx_word' id='word_1_82' title='bbox 1543 1652 1607 1705; x_wconf 76' lang='lat' dir='ltr'>eta</span> 
     </span>
     <span class='ocr_line' id='line_1_11' title="bbox 379 1742 1575 1828; baseline 0.004 -25"><span class='ocrx_word' id='word_1_83' title='bbox 379 1757 411 1805; x_wconf 81' lang='lat' dir='ltr'>to</span> <span class='ocrx_word' id='word_1_84' title='bbox 428 1742 630 1824; x_wconf 81' lang='lat' dir='ltr'>autumnale,</span> <span class='ocrx_word' id='word_1_85' title='bbox 653 1753 690 1807; x_wconf 91' lang='lat' dir='ltr'>ut</span> <span class='ocrx_word' id='word_1_86' title='bbox 704 1766 769 1808; x_wconf 93' lang='lat' dir='ltr'>uno</span> <span class='ocrx_word' id='word_1_87' title='bbox 782 1752 895 1807; x_wconf 89' lang='lat' dir='ltr'>tenore</span> <span class='ocrx_word' id='word_1_88' title='bbox 910 1744 1099 1807; x_wconf 87' lang='lat' dir='ltr'>siccescant.</span> <span class='ocrx_word' id='word_1_89' title='bbox 1130 1743 1185 1828; x_wconf 91' lang='lat' dir='ltr'>qui</span> <span class='ocrx_word' id='word_1_90' title='bbox 1209 1744 1295 1806; x_wconf 87' lang='lat' dir='ltr'>enirn</span> <span class='ocrx_word' id='word_1_91' title='bbox 1317 1764 1375 1828; x_wconf 89' lang='lat' dir='ltr'>per</span> <span class='ocrx_word' id='word_1_92' title='bbox 1398 1742 1575 1808; x_wconf 85' lang='lat' dir='ltr'>solstitium</span> 
     </span>
     <span class='ocr_line' id='line_1_12' title="bbox 403 1843 1575 1932; baseline 0.001 -23"><span class='ocrx_word' id='word_1_93' title='bbox 403 1869 405 1873; x_wconf 59' lang='grc'><strong>“</strong></span> <span class='ocrx_word' id='word_1_94' title='bbox 427 1855 585 1932; x_wconf 88' lang='lat' dir='ltr'>parantur</span> <span class='ocrx_word' id='word_1_95' title='bbox 604 1844 678 1909; x_wconf 92' lang='lat' dir='ltr'>ideo</span> <span class='ocrx_word' id='word_1_96' title='bbox 701 1845 813 1909; x_wconf 91' lang='lat' dir='ltr'>vitiosi</span> <span class='ocrx_word' id='word_1_97' title='bbox 835 1845 917 1908; x_wconf 91' lang='lat' dir='ltr'>fiunt</span> <span class='ocrx_word' id='word_1_98' title='bbox 939 1843 1026 1930; x_wconf 88' lang='lat' dir='ltr'>quod</span> <span class='ocrx_word' id='word_1_99' title='bbox 1049 1866 1217 1927; x_wconf 46' lang='lat' dir='ltr'>summum,</span> <span class='ocrx_word' id='word_1_100' title='bbox 1238 1845 1361 1909; x_wconf 90' lang='lat' dir='ltr'>corium</span> <span class='ocrx_word' id='word_1_101' title='bbox 1383 1844 1432 1909; x_wconf 89' lang='lat' dir='ltr'>sol</span> <span class='ocrx_word' id='word_1_102' title='bbox 1453 1846 1575 1910; x_wconf 86' lang='lat' dir='ltr'>aeriter</span> 
     </span>
     <span class='ocr_line' id='line_1_13' title="bbox 429 1944 1576 2033; baseline 0 -23"><span class='ocrx_word' id='word_1_103' title='bbox 429 1969 502 2011; x_wconf 89' lang='lat' dir='ltr'>cum</span> <span class='ocrx_word' id='word_1_104' title='bbox 530 1948 734 2033; x_wconf 82' lang='lat' dir='ltr'>praecoquit,</span> <span class='ocrx_word' id='word_1_105' title='bbox 764 1945 866 2010; x_wconf 88' lang='lat' dir='ltr'>efficit</span> <span class='ocrx_word' id='word_1_106' title='bbox 893 1954 930 2009; x_wconf 90' lang='lat' dir='ltr'>ut</span> <span class='ocrx_word' id='word_1_107' title='bbox 957 1944 1110 2009; x_wconf 86' lang='lat' dir='ltr'>videatur</span> <span class='ocrx_word' id='word_1_108' title='bbox 1136 1944 1280 2028; x_wconf 85' lang='lat' dir='ltr'>aridum,</span> <span class='ocrx_word' id='word_1_109' title='bbox 1310 1947 1445 2011; x_wconf 87' lang='lat' dir='ltr'>interior</span> <span class='ocrx_word' id='word_1_110' title='bbox 1466 1956 1576 2011; x_wconf 88' lang='lat' dir='ltr'>autem</span> 
     </span>
     <span class='ocr_line' id='line_1_14' title="bbox 428 2048 1575 2135; baseline 0 -23"><span class='ocrx_word' id='word_1_111' title='bbox 428 2050 472 2112; x_wconf 89' lang='lat' dir='ltr'>sit</span> <span class='ocrx_word' id='word_1_112' title='bbox 493 2070 559 2112; x_wconf 93' lang='lat' dir='ltr'>non</span> <span class='ocrx_word' id='word_1_113' title='bbox 580 2050 697 2112; x_wconf 88' lang='lat' dir='ltr'>siccus.</span> <span class='ocrx_word' id='word_1_114' title='bbox 735 2057 766 2112; x_wconf 90' lang='lat' dir='ltr'>et</span> <span class='ocrx_word' id='word_1_115' title='bbox 789 2069 863 2110; x_wconf 86' lang='lat' dir='ltr'>curn</span> <span class='ocrx_word' id='word_1_116' title='bbox 885 2057 998 2134; x_wconf 90' lang='lat' dir='ltr'>postea</span> <span class='ocrx_word' id='word_1_117' title='bbox 1020 2048 1227 2112; x_wconf 89' lang='lat' dir='ltr'>siccescendo</span> <span class='ocrx_word' id='word_1_118' title='bbox 1249 2070 1285 2112; x_wconf 89' lang='lat' dir='ltr'>se</span> <span class='ocrx_word' id='word_1_119' title='bbox 1307 2048 1480 2131; x_wconf 80' lang='lat' dir='ltr'>contrahit,</span> <span class='ocrx_word' id='word_1_120' title='bbox 1503 2071 1575 2135; x_wconf 89' lang='lat' dir='ltr'>per-</span> 
     </span>
     <span class='ocr_line' id='line_1_15' title="bbox 429 2148 1575 2236; baseline 0.002 -23"><span class='ocrx_word' id='word_1_121' title='bbox 429 2150 551 2235; x_wconf 91' lang='lat' dir='ltr'>rumpit</span> <span class='ocrx_word' id='word_1_122' title='bbox 579 2170 722 2236; x_wconf 89' lang='lat' dir='ltr'>eaquae</span> <span class='ocrx_word' id='word_1_123' title='bbox 745 2158 837 2211; x_wconf 92' lang='lat' dir='ltr'>erant</span> <span class='ocrx_word' id='word_1_124' title='bbox 859 2148 963 2212; x_wconf 88' lang='lat' dir='ltr'>arida.</span> <span class='ocrx_word' id='word_1_125' title='bbox 1012 2150 1059 2212; x_wconf 90' lang='lat' dir='ltr'>ita</span> <span class='ocrx_word' id='word_1_126' title='bbox 1082 2150 1193 2214; x_wconf 88' lang='lat' dir='ltr'>rimosi</span> <span class='ocrx_word' id='word_1_127' title='bbox 1216 2150 1296 2213; x_wconf 84' lang='lat' dir='ltr'>facti</span> <span class='ocrx_word' id='word_1_128' title='bbox 1319 2149 1506 2215; x_wconf 86' lang='lat' dir='ltr'>efficiuntur</span> <span class='ocrx_word' id='word_1_129' title='bbox 1527 2152 1575 2215; x_wconf 93' lang='lat' dir='ltr'>in·</span> 
     </span>
     <span class='ocr_line' id='line_1_16' title="bbox 379 2248 1575 2334; baseline 0.004 -23"><span class='ocrx_word' id='word_1_130' title='bbox 379 2265 411 2312; x_wconf 87' lang='lat'>15</span> <span class='ocrx_word' id='word_1_131' title='bbox 428 2248 551 2314; x_wconf 89' lang='lat' dir='ltr'>becilli.</span> <span class='ocrx_word' id='word_1_132' title='bbox 606 2251 748 2314; x_wconf 86' lang='lat' dir='ltr'>maxime</span> <span class='ocrx_word' id='word_1_133' title='bbox 780 2260 890 2313; x_wconf 91' lang='lat' dir='ltr'>autem</span> <span class='ocrx_word' id='word_1_134' title='bbox 920 2248 1067 2315; x_wconf 89' lang='lat' dir='ltr'>utiliores</span> <span class='ocrx_word' id='word_1_135' title='bbox 1092 2261 1186 2315; x_wconf 89' lang='lat' dir='ltr'>erunt</span> <span class='ocrx_word' id='word_1_136' title='bbox 1197 2301 1207 2334; x_wconf 84' lang='lat'><em>‚</em></span> <span class='ocrx_word' id='word_1_137' title='bbox 1241 2252 1270 2315; x_wconf 90' lang='lat' dir='ltr'>si</span> <span class='ocrx_word' id='word_1_138' title='bbox 1303 2261 1380 2315; x_wconf 87' lang='lat' dir='ltr'>ante</span> <span class='ocrx_word' id='word_1_139' title='bbox 1406 2252 1575 2316; x_wconf 89' lang='lat' dir='ltr'>biennium</span> 
     </span>
     <span class='ocr_line' id='line_1_17' title="bbox 428 2349 1574 2439; baseline 0.003 -25"><span class='ocrx_word' id='word_1_140' title='bbox 428 2351 548 2417; x_wconf 87' lang='lat' dir='ltr'>fuerint</span> <span class='ocrx_word' id='word_1_141' title='bbox 577 2349 676 2417; x_wconf 87' lang='lat' dir='ltr'>ducti.</span> <span class='ocrx_word' id='word_1_142' title='bbox 720 2374 860 2438; x_wconf 89' lang='lat' dir='ltr'>namque</span> <span class='ocrx_word' id='word_1_143' title='bbox 881 2374 947 2416; x_wconf 93' lang='lat' dir='ltr'>non</span> <span class='ocrx_word' id='word_1_144' title='bbox 968 2363 1044 2415; x_wconf 91' lang='lat' dir='ltr'>ante</span> <span class='ocrx_word' id='word_1_145' title='bbox 1068 2362 1203 2439; x_wconf 89' lang='lat' dir='ltr'>possunt</span> <span class='ocrx_word' id='word_1_146' title='bbox 1230 2354 1360 2438; x_wconf 89' lang='lat' dir='ltr'>penitus</span> <span class='ocrx_word' id='word_1_147' title='bbox 1387 2356 1574 2419; x_wconf 89' lang='lat' dir='ltr'>siccescere.</span> 
     </span>
     <span class='ocr_line' id='line_1_18' title="bbox 428 2453 1574 2540; baseline 0.002 -22"><span class='ocrx_word' id='word_1_148' title='bbox 428 2455 539 2540; x_wconf 89' lang='lat' dir='ltr'>itaque</span> <span class='ocrx_word' id='word_1_149' title='bbox 555 2475 628 2519; x_wconf 89' lang='lat' dir='ltr'>cum</span> <span class='ocrx_word' id='word_1_150' title='bbox 642 2463 789 2519; x_wconf 90' lang='lat' dir='ltr'>recentes</span> <span class='ocrx_word' id='word_1_151' title='bbox 807 2463 839 2517; x_wconf 88' lang='lat' dir='ltr'>et</span> <span class='ocrx_word' id='word_1_152' title='bbox 854 2478 919 2520; x_wconf 94' lang='lat' dir='ltr'>non</span> <span class='ocrx_word' id='word_1_153' title='bbox 934 2453 1020 2519; x_wconf 90' lang='lat' dir='ltr'>aridi</span> <span class='ocrx_word' id='word_1_154' title='bbox 1036 2464 1112 2519; x_wconf 90' lang='lat' dir='ltr'>sunt</span> <span class='ocrx_word' id='word_1_155' title='bbox 1134 2456 1259 2535; x_wconf 87' lang='lat' dir='ltr'>structi,</span> <span class='ocrx_word' id='word_1_156' title='bbox 1283 2457 1418 2520; x_wconf 89' lang='lat' dir='ltr'>tectorio</span> <span class='ocrx_word' id='word_1_157' title='bbox 1440 2455 1574 2520; x_wconf 89' lang='lat' dir='ltr'>inducto</span> 
     </span>
     <span class='ocr_line' id='line_1_19' title="bbox 428 2555 1576 2644; baseline 0.003 -27"><span class='ocrx_word' id='word_1_158' title='bbox 428 2555 600 2641; x_wconf 88' lang='lat' dir='ltr'>rigideque</span> <span class='ocrx_word' id='word_1_159' title='bbox 633 2556 815 2620; x_wconf 90' lang='lat' dir='ltr'>obsolidato</span> <span class='ocrx_word' id='word_1_160' title='bbox 849 2567 1059 2643; x_wconf 86' lang='lat' dir='ltr'>permanente</span> <span class='ocrx_word' id='word_1_161' title='bbox 1087 2558 1153 2643; x_wconf 91' lang='lat' dir='ltr'>ipsi</span> <span class='ocrx_word' id='word_1_162' title='bbox 1180 2556 1324 2620; x_wconf 88' lang='lat' dir='ltr'>sidentes</span> <span class='ocrx_word' id='word_1_163' title='bbox 1353 2579 1418 2642; x_wconf 93' lang='lat' dir='ltr'>non</span> <span class='ocrx_word' id='word_1_164' title='bbox 1440 2567 1576 2644; x_wconf 90' lang='lat' dir='ltr'>possunt</span> 
     </span>
     <span class='ocr_line' id='line_1_20' title="bbox 430 2655 1573 2743; baseline 0.003 -25"><span class='ocrx_word' id='word_1_165' title='bbox 430 2656 566 2719; x_wconf 89' lang='lat' dir='ltr'>eandem</span> <span class='ocrx_word' id='word_1_166' title='bbox 592 2655 801 2721; x_wconf 87' lang='lat' dir='ltr'>altitudinem</span> <span class='ocrx_word' id='word_1_167' title='bbox 829 2680 892 2743; x_wconf 87' lang='lat' dir='ltr'>qua</span> <span class='ocrx_word' id='word_1_168' title='bbox 923 2667 973 2722; x_wconf 88' lang='lat' dir='ltr'>est</span> <span class='ocrx_word' id='word_1_169' title='bbox 994 2660 1167 2723; x_wconf 87' lang='lat' dir='ltr'>tectorium</span> <span class='ocrx_word' id='word_1_170' title='bbox 1189 2667 1317 2739; x_wconf 79' lang='lat' dir='ltr'>tenere,</span> <span class='ocrx_word' id='word_1_171' title='bbox 1340 2660 1573 2738; x_wconf 83' lang='lat' dir='ltr'>contractione-</span> 
     </span>
     <span class='ocr_line' id='line_1_21' title="bbox 379 2758 1574 2845; baseline 0.003 -25"><span class='ocrx_word' id='word_1_172' title='bbox 379 2772 413 2821; x_wconf 80' lang='lat'>20</span> <span class='ocrx_word' id='word_1_173' title='bbox 432 2779 495 2845; x_wconf 90' lang='lat' dir='ltr'>que</span> <span class='ocrx_word' id='word_1_174' title='bbox 527 2758 607 2821; x_wconf 89' lang='lat' dir='ltr'>moti</span> <span class='ocrx_word' id='word_1_175' title='bbox 638 2779 704 2824; x_wconf 94' lang='lat' dir='ltr'>non</span> <span class='ocrx_word' id='word_1_176' title='bbox 735 2758 870 2824; x_wconf 87' lang='lat' dir='ltr'>haerent</span> <span class='ocrx_word' id='word_1_177' title='bbox 900 2780 973 2823; x_wconf 90' lang='lat' dir='ltr'>cum</span> <span class='ocrx_word' id='word_1_178' title='bbox 1001 2781 1060 2841; x_wconf 84' lang='lat' dir='ltr'>eo,</span> <span class='ocrx_word' id='word_1_179' title='bbox 1094 2758 1152 2824; x_wconf 89' lang='lat' dir='ltr'>sed</span> <span class='ocrx_word' id='word_1_180' title='bbox 1180 2759 1223 2824; x_wconf 92' lang='lat' dir='ltr'>ab</span> <span class='ocrx_word' id='word_1_181' title='bbox 1250 2760 1478 2826; x_wconf 89' lang='lat' dir='ltr'>coniunctione</span> <span class='ocrx_word' id='word_1_182' title='bbox 1505 2761 1574 2825; x_wconf 91' lang='lat' dir='ltr'>eius</span> 
     </span>
    </p>
   </div>
   <div class='ocr_carea' id='block_1_3' title="bbox 321 2859 1614 3557">
    <p class='ocr_par' dir='ltr' id='par_1_3' title="bbox 321 2859 1574 3254">
     <span class='ocr_line' id='line_1_22' title="bbox 431 2859 1574 2950; baseline 0.003 -28"><span class='ocrx_word' id='word_1_183' title='bbox 431 2859 649 2945; x_wconf 88' lang='lat' dir='ltr'>disparantur.</span> <span class='ocrx_word' id='word_1_184' title='bbox 704 2861 806 2945; x_wconf 88' lang='lat' dir='ltr'>igitur</span> <span class='ocrx_word' id='word_1_185' title='bbox 837 2863 976 2926; x_wconf 88' lang='lat' dir='ltr'>tectoria</span> <span class='ocrx_word' id='word_1_186' title='bbox 1008 2863 1050 2925; x_wconf 91' lang='lat' dir='ltr'>ab</span> <span class='ocrx_word' id='word_1_187' title='bbox 1083 2872 1246 2926; x_wconf 89' lang='lat' dir='ltr'>structura</span> <span class='ocrx_word' id='word_1_188' title='bbox 1273 2863 1419 2926; x_wconf 89' lang='lat' dir='ltr'>seiuncta</span> <span class='ocrx_word' id='word_1_189' title='bbox 1441 2872 1574 2950; x_wconf 89' lang='lat' dir='ltr'>propter</span> 
     </span>
     <span class='ocr_line' id='line_1_23' title="bbox 321 2961 1574 3052; baseline 0.002 -29"><span class='ocrx_word' id='word_1_190' title='bbox 321 3044 325 3049; x_wconf 15' lang='grc' dir='ltr'><strong>ῃ</strong></span> <span class='ocrx_word' id='word_1_191' title='bbox 429 2961 621 3024; x_wconf 87' lang='lat' dir='ltr'>tenuitatem</span> <span class='ocrx_word' id='word_1_192' title='bbox 642 2981 701 3046; x_wconf 88' lang='lat' dir='ltr'>per</span> <span class='ocrx_word' id='word_1_193' title='bbox 720 2982 756 3023; x_wconf 91' lang='lat' dir='ltr'>se</span> <span class='ocrx_word' id='word_1_194' title='bbox 778 2972 865 3026; x_wconf 88' lang='lat' dir='ltr'>stare</span> <span class='ocrx_word' id='word_1_195' title='bbox 886 2985 952 3027; x_wconf 93' lang='lat' dir='ltr'>non</span> <span class='ocrx_word' id='word_1_196' title='bbox 974 2975 1109 3049; x_wconf 90' lang='lat' dir='ltr'>possunt</span> <span class='ocrx_word' id='word_1_197' title='bbox 1131 2963 1189 3027; x_wconf 87' lang='lat' dir='ltr'>sed</span> <span class='ocrx_word' id='word_1_198' title='bbox 1213 2963 1423 3048; x_wconf 87' lang='lat' dir='ltr'>franguntur,</span> <span class='ocrx_word' id='word_1_199' title='bbox 1447 2966 1574 3052; x_wconf 88' lang='lat' dir='ltr'>ipsique</span> 
     </span>
     <span class='ocr_line' id='line_1_24' title="bbox 428 3061 1573 3149; baseline 0.005 -25"><span class='ocrx_word' id='word_1_200' title='bbox 428 3063 572 3149; x_wconf 85' lang='lat' dir='ltr'>parietes</span> <span class='ocrx_word' id='word_1_201' title='bbox 605 3061 741 3127; x_wconf 88' lang='lat' dir='ltr'>fortuito</span> <span class='ocrx_word' id='word_1_202' title='bbox 775 3063 918 3128; x_wconf 89' lang='lat' dir='ltr'>sidentes</span> <span class='ocrx_word' id='word_1_203' title='bbox 952 3065 1122 3131; x_wconf 89' lang='lat' dir='ltr'>vitiantur.</span> <span class='ocrx_word' id='word_1_204' title='bbox 1171 3066 1246 3130; x_wconf 92' lang='lat' dir='ltr'>ideo</span> <span class='ocrx_word' id='word_1_205' title='bbox 1273 3067 1372 3129; x_wconf 89' lang='lat' dir='ltr'>etiam</span> <span class='ocrx_word' id='word_1_206' title='bbox 1401 3066 1573 3130; x_wconf 88' lang='lat' dir='ltr'>Uticenses</span> 
     </span>
     <span class='ocr_line' id='line_1_25' title="bbox 430 3162 1573 3254; baseline 0.003 -28"><span class='ocrx_word' id='word_1_207' title='bbox 430 3162 530 3228; x_wconf 91' lang='lat' dir='ltr'>latere</span> <span class='ocrx_word' id='word_1_208' title='bbox 552 3165 582 3228; x_wconf 90' lang='lat' dir='ltr'>si</span> <span class='ocrx_word' id='word_1_209' title='bbox 604 3165 647 3228; x_wconf 90' lang='lat' dir='ltr'>sit</span> <span class='ocrx_word' id='word_1_210' title='bbox 668 3164 780 3228; x_wconf 87' lang='lat' dir='ltr'>aridus</span> <span class='ocrx_word' id='word_1_211' title='bbox 804 3175 836 3230; x_wconf 88' lang='lat' dir='ltr'>et</span> <span class='ocrx_word' id='word_1_212' title='bbox 857 3174 933 3231; x_wconf 89' lang='lat' dir='ltr'>ante</span> <span class='ocrx_word' id='word_1_213' title='bbox 955 3168 1213 3254; x_wconf 85' lang='lat' dir='ltr'>quinquennium</span> <span class='ocrx_word' id='word_1_214' title='bbox 1236 3167 1370 3248; x_wconf 72' lang='lat' dir='ltr'>ductm,</span> <span class='ocrx_word' id='word_1_215' title='bbox 1395 3189 1468 3231; x_wconf 90' lang='lat' dir='ltr'>cum</span> <span class='ocrx_word' id='word_1_216' title='bbox 1489 3167 1573 3232; x_wconf 89' lang='lat' dir='ltr'>arbi-</span> 
     </span>
    </p>

    <p class='ocr_par' dir='ltr' id='par_1_4' title="bbox 378 3266 1614 3355">
     <span class='ocr_line' id='line_1_26' title="bbox 378 3266 1614 3355; baseline 0.004 -30"><span class='ocrx_word' id='word_1_217' title='bbox 378 3279 411 3327; x_wconf 79' lang='lat'>25</span> <span class='ocrx_word' id='word_1_218' title='bbox 429 3267 492 3330; x_wconf 89' lang='lat' dir='ltr'>trio</span> <span class='ocrx_word' id='word_1_219' title='bbox 508 3267 718 3350; x_wconf 88' lang='lat' dir='ltr'>magistratus</span> <span class='ocrx_word' id='word_1_220' title='bbox 734 3266 833 3331; x_wconf 86' lang='lat' dir='ltr'>fuerit</span> <span class='ocrx_word' id='word_1_221' title='bbox 848 3269 895 3332; x_wconf 87' lang='lat' dir='ltr'>ita</span> <span class='ocrx_word' id='word_1_222' title='bbox 910 3267 1078 3355; x_wconf 81' lang='lat' dir='ltr'>probatus,</span> <span class='ocrx_word' id='word_1_223' title='bbox 1100 3276 1179 3330; x_wconf 89' lang='lat' dir='ltr'>tunc</span> <span class='ocrx_word' id='word_1_224' title='bbox 1199 3279 1336 3332; x_wconf 87' lang='lat' dir='ltr'>utuntur</span> <span class='ocrx_word' id='word_1_225' title='bbox 1357 3269 1393 3332; x_wconf 90' lang='lat' dir='ltr'>in</span> <span class='ocrx_word' id='word_1_226' title='bbox 1413 3271 1572 3355; x_wconf 90' lang='lat' dir='ltr'>parietum</span> <span class='ocrx_word' id='word_1_227' title='bbox 1609 3272 1614 3282; x_wconf 81' lang='grc'><em>“</em></span> 
     </span>
    </p>

    <p class='ocr_par' dir='ltr' id='par_1_5' title="bbox 377 3368 1607 3557">
     <span class='ocr_line' id='line_1_27' title="bbox 377 3368 1607 3456; baseline 0.004 -27"><span class='ocrx_word' id='word_1_228' title='bbox 377 3403 389 3413; x_wconf 85' lang='grc'><strong>-</strong></span> <span class='ocrx_word' id='word_1_229' title='bbox 429 3368 611 3431; x_wconf 88' lang='lat' dir='ltr'>structuris.</span> <span class='ocrx_word' id='word_1_230' title='bbox 668 3368 750 3432; x_wconf 88' lang='lat' dir='ltr'>fiunt</span> <span class='ocrx_word' id='word_1_231' title='bbox 778 3377 887 3434; x_wconf 87' lang='lat' dir='ltr'>autem</span> <span class='ocrx_word' id='word_1_232' title='bbox 919 3368 1057 3433; x_wconf 90' lang='lat' dir='ltr'>laterum</span> <span class='ocrx_word' id='word_1_233' title='bbox 1084 3390 1206 3454; x_wconf 89' lang='lat' dir='ltr'>genera</span> <span class='ocrx_word' id='word_1_234' title='bbox 1233 3371 1307 3434; x_wconf 88' lang='lat' dir='ltr'>tria.</span> <span class='ocrx_word' id='word_1_235' title='bbox 1357 3392 1458 3433; x_wconf 90' lang='lat' dir='ltr'>unum</span> <span class='ocrx_word' id='word_1_236' title='bbox 1487 3369 1607 3456; x_wconf 76' lang='lat' dir='ltr'>quoda</span> 
     </span>
     <span class='ocr_line' id='line_1_28' title="bbox 429 3467 1573 3557; baseline 0.005 -27"><span class='ocrx_word' id='word_1_237' title='bbox 429 3489 544 3552; x_wconf 88' lang='lat' dir='ltr'>graece</span> <span class='ocrx_word' id='word_1_238' title='bbox 564 3467 708 3553; x_wconf 88' lang='lat' dir='ltr'>Lydium</span> <span class='ocrx_word' id='word_1_239' title='bbox 728 3469 921 3556; x_wconf 84' lang='lat' dir='ltr'>appellatur,</span> <span class='ocrx_word' id='word_1_240' title='bbox 945 3470 980 3533; x_wconf 92' lang='lat' dir='ltr'>id</span> <span class='ocrx_word' id='word_1_241' title='bbox 996 3480 1046 3535; x_wconf 90' lang='lat' dir='ltr'>est</span> <span class='ocrx_word' id='word_1_242' title='bbox 1061 3493 1125 3556; x_wconf 91' lang='lat' dir='ltr'>quo</span> <span class='ocrx_word' id='word_1_243' title='bbox 1147 3471 1250 3535; x_wconf 89' lang='lat' dir='ltr'>nostri</span> <span class='ocrx_word' id='word_1_244' title='bbox 1271 3481 1418 3554; x_wconf 81' lang='lat' dir='ltr'>utuntur,</span> <span class='ocrx_word' id='word_1_245' title='bbox 1441 3471 1573 3557; x_wconf 90' lang='lat' dir='ltr'>longum</span> 
     </span>
    </p>
   </div>
   <div class='ocr_carea' id='block_1_4' title="bbox 429 3674 1576 4588">
    <p class='ocr_par' dir='ltr' id='par_1_6' title="bbox 429 3674 1576 4588">
     <span class='ocr_line' id='line_1_29' title="bbox 499 3674 1573 3744; baseline 0.004 -20"><span class='ocrx_word' id='word_1_246' title='bbox 499 3677 511 3723; x_wconf 91' lang='lat'>1</span> <span class='ocrx_word' id='word_1_247' title='bbox 532 3675 640 3725; x_wconf 85' lang='lat' dir='ltr'>calculo</span> <span class='ocrx_word' id='word_1_248' title='bbox 659 3675 749 3726; x_wconf 91' lang='lat' dir='ltr'>soluto</span> <span class='ocrx_word' id='word_1_249' title='bbox 769 3677 798 3730; x_wconf 79' lang='lat' dir='ltr'>G,</span> <span class='ocrx_word' id='word_1_250' title='bbox 819 3674 831 3744; x_wconf 95' lang='grc' dir='ltr'>Η</span> <span class='ocrx_word' id='word_1_251' title='bbox 854 3680 869 3727; x_wconf 80' lang='lat'>2</span> <span class='ocrx_word' id='word_1_252' title='bbox 888 3676 1023 3728; x_wconf 83' lang='lat' dir='ltr'>sabulone</span> <span class='ocrx_word' id='word_1_253' title='bbox 1047 3676 1137 3727; x_wconf 88' lang='lat' dir='ltr'>soluto</span> <span class='ocrx_word' id='word_1_254' title='bbox 1161 3676 1213 3741; x_wconf 72' lang='lat'><em>(120,</em></span> <span class='ocrx_word' id='word_1_255' title='bbox 1232 3680 1268 3743; x_wconf 78' lang='lat' dir='ltr'>cs.</span> <span class='ocrx_word' id='word_1_256' title='bbox 1291 3679 1380 3737; x_wconf 84' lang='lat' dir='ltr'><em>VIII,</em></span> <span class='ocrx_word' id='word_1_257' title='bbox 1399 3680 1440 3744; x_wconf 85' lang='lat'>1):</span> <span class='ocrx_word' id='word_1_258' title='bbox 1464 3679 1573 3729; x_wconf 85' lang='lat' dir='ltr'>sabulo·</span> 
     </span>
     <span class='ocr_line' id='line_1_30' title="bbox 430 3758 1576 3827; baseline 0.003 -19"><span class='ocrx_word' id='word_1_259' title='bbox 430 3775 497 3810; x_wconf 86' lang='lat' dir='ltr'>noso</span> <span class='ocrx_word' id='word_1_260' title='bbox 517 3759 574 3809; x_wconf 90' lang='lat' dir='ltr'>luto</span> <span class='ocrx_word' id='word_1_261' title='bbox 594 3760 723 3824; x_wconf 68' lang='lat' dir='ltr'>(—no}so</span> <span class='ocrx_word' id='word_1_262' title='bbox 741 3761 799 3811; x_wconf 93' lang='lat' dir='ltr'>luto</span> <span class='ocrx_word' id='word_1_263' title='bbox 820 3762 851 3825; x_wconf 78' lang='lat' dir='ltr'>G)</span> <span class='ocrx_word' id='word_1_264' title='bbox 872 3762 929 3812; x_wconf 81' lang='lat' dir='ltr'>GH.</span> <span class='ocrx_word' id='word_1_265' title='bbox 953 3758 965 3827; x_wconf 97' lang='grc' dir='ltr'>Η</span> <span class='ocrx_word' id='word_1_266' title='bbox 993 3762 1160 3812; x_wconf 86' lang='lat' dir='ltr'>3imbribus</span> <span class='ocrx_word' id='word_1_267' title='bbox 1185 3764 1218 3813; x_wconf 84' lang='lat' dir='ltr'>G:</span> <span class='ocrx_word' id='word_1_268' title='bbox 1243 3764 1361 3813; x_wconf 89' lang='lat' dir='ltr'>intribus</span> <span class='ocrx_word' id='word_1_269' title='bbox 1385 3764 1414 3812; x_wconf 84' lang='grc' dir='ltr'>ΙΙ</span> <span class='ocrx_word' id='word_1_270' title='bbox 1432 3761 1505 3827; x_wconf 78' lang='lat' dir='ltr'>(bic,</span> <span class='ocrx_word' id='word_1_271' title='bbox 1528 3765 1576 3813; x_wconf 80' lang='lat' dir='ltr'>sed</span> 
     </span>
     <span class='ocr_line' id='line_1_31' title="bbox 430 3835 1575 3914; baseline 0.004 -23"><span class='ocrx_word' id='word_1_272' title='bbox 430 3844 553 3893; x_wconf 90' lang='lat' dir='ltr'>inbribus</span> <span class='ocrx_word' id='word_1_273' title='bbox 572 3854 599 3892; x_wconf 60' lang='grc' dir='ltr'>σθ</span> <span class='ocrx_word' id='word_1_274' title='bbox 616 3852 641 3894; x_wconf 84' lang='lat' dir='ltr'>et</span> <span class='ocrx_word' id='word_1_275' title='bbox 658 3844 707 3908; x_wconf 66' lang='lat' dir='ltr'>lc).</span> <span class='ocrx_word' id='word_1_276' title='bbox 732 3841 743 3912; x_wconf 94' lang='grc' dir='ltr'>Η</span> <span class='ocrx_word' id='word_1_277' title='bbox 766 3847 837 3896; x_wconf 80' lang='lat' dir='ltr'>bis:</span> <span class='ocrx_word' id='word_1_278' title='bbox 856 3847 899 3896; x_wconf 89' lang='lat' dir='ltr'>his</span> <span class='ocrx_word' id='word_1_279' title='bbox 920 3848 978 3897; x_wconf 85' lang='lat' dir='ltr'>GH.</span> <span class='ocrx_word' id='word_1_280' title='bbox 1002 3845 1014 3914; x_wconf 98' lang='grc' dir='ltr'>Η</span> <span class='ocrx_word' id='word_1_281' title='bbox 1034 3849 1049 3896; x_wconf 86' lang='grc'>9</span> <span class='ocrx_word' id='word_1_282' title='bbox 1067 3861 1202 3909; x_wconf 66' lang='lat' dir='ltr'>pnernum</span> <span class='ocrx_word' id='word_1_283' title='bbox 1220 3855 1279 3898; x_wconf 84' lang='lat' dir='ltr'>ante</span> <span class='ocrx_word' id='word_1_284' title='bbox 1298 3835 1427 3911; x_wconf 39' lang='lat' dir='ltr'>corr.&#39;(p)</span> <span class='ocrx_word' id='word_1_285' title='bbox 1448 3848 1478 3897; x_wconf 83' lang='lat' dir='ltr'>G.</span> <span class='ocrx_word' id='word_1_286' title='bbox 1501 3843 1516 3912; x_wconf 93' lang='grc' dir='ltr'>Η</span> <span class='ocrx_word' id='word_1_287' title='bbox 1544 3849 1575 3896; x_wconf 89' lang='grc'>10</span> 
     </span>
     <span class='ocr_line' id='line_1_32' title="bbox 429 3927 1575 3998; baseline 0 -19"><span class='ocrx_word' id='word_1_288' title='bbox 429 3936 523 3979; x_wconf 89' lang='lat' dir='ltr'>tenore</span> <span class='ocrx_word' id='word_1_289' title='bbox 541 3929 597 3981; x_wconf 73' lang='lat' dir='ltr'>doc.</span> <span class='ocrx_word' id='word_1_290' title='bbox 618 3927 663 3991; x_wconf 76' lang='lat' dir='ltr'>(cf.</span> <span class='ocrx_word' id='word_1_291' title='bbox 688 3930 753 3985; x_wconf 86' lang='lat' dir='ltr'>VII.</span> <span class='ocrx_word' id='word_1_292' title='bbox 773 3934 789 3980; x_wconf 90' lang='lat'><strong><em>2</em></strong></span> <span class='ocrx_word' id='word_1_293' title='bbox 807 3939 833 3981; x_wconf 87' lang='lat' dir='ltr'>et</span> <span class='ocrx_word' id='word_1_294' title='bbox 852 3930 893 3994; x_wconf 87' lang='lat'>3):</span> <span class='ocrx_word' id='word_1_295' title='bbox 912 3937 1035 3996; x_wconf 87' lang='lat' dir='ltr'>tempore</span> <span class='ocrx_word' id='word_1_296' title='bbox 1056 3932 1114 3983; x_wconf 79' lang='lat' dir='ltr'>GH.</span> <span class='ocrx_word' id='word_1_297' title='bbox 1132 3929 1144 3998; x_wconf 96' lang='grc' dir='ltr'>Η</span> <span class='ocrx_word' id='word_1_298' title='bbox 1162 3934 1190 3981; x_wconf 85' lang='grc'>11</span> <span class='ocrx_word' id='word_1_299' title='bbox 1212 3933 1316 3982; x_wconf 84' lang='lat' dir='ltr'>corium</span> <span class='ocrx_word' id='word_1_300' title='bbox 1336 3933 1432 3997; x_wconf 78' lang='lat' dir='ltr'><em>G(L)z</em></span> <span class='ocrx_word' id='word_1_301' title='bbox 1452 3931 1575 3982; x_wconf 87' lang='lat' dir='ltr'>chorium</span> 
     </span>
     <span class='ocr_line' id='line_1_33' title="bbox 431 4010 1576 4083; baseline 0 -21"><span class='ocrx_word' id='word_1_302' title='bbox 431 4014 458 4062; x_wconf 89' lang='lat' dir='ltr'><em>H</em></span> <span class='ocrx_word' id='word_1_303' title='bbox 477 4012 530 4076; x_wconf 85' lang='lat' dir='ltr'>(Ic).</span> <span class='ocrx_word' id='word_1_304' title='bbox 554 4010 566 4079; x_wconf 99' lang='grc' dir='ltr'>Η</span> <span class='ocrx_word' id='word_1_305' title='bbox 592 4016 621 4063; x_wconf 85' lang='grc'>12</span> <span class='ocrx_word' id='word_1_306' title='bbox 641 4013 734 4064; x_wconf 86' lang='lat' dir='ltr'>effecit</span> <span class='ocrx_word' id='word_1_307' title='bbox 757 4012 785 4077; x_wconf 78' lang='lat' dir='ltr'>(i.</span> <span class='ocrx_word' id='word_1_308' title='bbox 804 4031 827 4067; x_wconf 86' lang='lat' dir='ltr'>e.</span> <span class='ocrx_word' id='word_1_309' title='bbox 848 4014 951 4081; x_wconf 66' lang='lat' dir='ltr'>effecit)</span> <span class='ocrx_word' id='word_1_310' title='bbox 970 4017 1007 4070; x_wconf 88' lang='lat' dir='ltr'>II.</span> <span class='ocrx_word' id='word_1_311' title='bbox 1028 4012 1039 4082; x_wconf 96' lang='grc' dir='ltr'>Η</span> <span class='ocrx_word' id='word_1_312' title='bbox 1062 4020 1106 4066; x_wconf 87' lang='lat' dir='ltr'>nt:</span> <span class='ocrx_word' id='word_1_313' title='bbox 1131 4020 1182 4065; x_wconf 80' lang='lat' dir='ltr'>ant</span> <span class='ocrx_word' id='word_1_314' title='bbox 1202 4025 1261 4066; x_wconf 78' lang='lat' dir='ltr'>ante</span> <span class='ocrx_word' id='word_1_315' title='bbox 1282 4033 1336 4071; x_wconf 82' lang='lat' dir='ltr'>raa.</span> <span class='ocrx_word' id='word_1_316' title='bbox 1362 4018 1390 4068; x_wconf 83' lang='lat' dir='ltr'>G.</span> <span class='ocrx_word' id='word_1_317' title='bbox 1419 4013 1432 4083; x_wconf 96' lang='grc' dir='ltr'>Η</span> <span class='ocrx_word' id='word_1_318' title='bbox 1460 4016 1576 4066; x_wconf 87' lang='lat' dir='ltr'>interior</span> 
     </span>
     <span class='ocr_line' id='line_1_34' title="bbox 431 4095 1575 4166; baseline 0.001 -20"><span class='ocrx_word' id='word_1_319' title='bbox 431 4095 477 4160; x_wconf 79' lang='lat' dir='ltr'>(se.</span> <span class='ocrx_word' id='word_1_320' title='bbox 496 4098 578 4162; x_wconf 84' lang='lat' dir='ltr'>lat&#39;er)</span> <span class='ocrx_word' id='word_1_321' title='bbox 659 4101 764 4149; x_wconf 87' lang='lat' dir='ltr'>siccus:</span> <span class='ocrx_word' id='word_1_322' title='bbox 787 4102 825 4149; x_wconf 83' lang='lat' dir='ltr'>aie</span> <span class='ocrx_word' id='word_1_323' title='bbox 845 4101 902 4152; x_wconf 83' lang='lat' dir='ltr'>GH.</span> <span class='ocrx_word' id='word_1_324' title='bbox 926 4096 937 4165; x_wconf 96' lang='grc' dir='ltr'>Η</span> <span class='ocrx_word' id='word_1_325' title='bbox 966 4103 996 4150; x_wconf 88' lang='grc'>13</span> <span class='ocrx_word' id='word_1_326' title='bbox 1014 4101 1166 4166; x_wconf 88' lang='lat' dir='ltr'>perrumpit</span> <span class='ocrx_word' id='word_1_327' title='bbox 1189 4117 1235 4152; x_wconf 90' lang='lat' dir='ltr'>om.</span> <span class='ocrx_word' id='word_1_328' title='bbox 1262 4100 1398 4165; x_wconf 82' lang='lat' dir='ltr'>G(suppl.</span> <span class='ocrx_word' id='word_1_329' title='bbox 1419 4099 1473 4163; x_wconf 74' lang='lat'>⁶⁶).</span> <span class='ocrx_word' id='word_1_330' title='bbox 1503 4096 1515 4166; x_wconf 94' lang='grc' dir='ltr'>Η</span> <span class='ocrx_word' id='word_1_331' title='bbox 1545 4100 1575 4147; x_wconf 89' lang='grc'>18</span> 
     </span>
     <span class='ocr_line' id='line_1_35' title="bbox 430 4182 1575 4252; baseline 0.001 -22"><span class='ocrx_word' id='word_1_332' title='bbox 430 4182 574 4247; x_wconf 80' lang='lat' dir='ltr'>rigidoque</span> <span class='ocrx_word' id='word_1_333' title='bbox 593 4183 749 4234; x_wconf 85' lang='lat' dir='ltr'>obsolidate</span> <span class='ocrx_word' id='word_1_334' title='bbox 773 4188 953 4249; x_wconf 87' lang='lat' dir='ltr'>permanente</span> <span class='ocrx_word' id='word_1_335' title='bbox 975 4186 1046 4238; x_wconf 76' lang='lat' dir='ltr'>Iac:</span> <span class='ocrx_word' id='word_1_336' title='bbox 1070 4185 1215 4252; x_wconf 88' lang='lat' dir='ltr'>rigidoque</span> <span class='ocrx_word' id='word_1_337' title='bbox 1239 4185 1386 4236; x_wconf 88' lang='lat' dir='ltr'>obsolidati</span> <span class='ocrx_word' id='word_1_338' title='bbox 1410 4183 1575 4250; x_wconf 75' lang='lat' dir='ltr'>permanent</span> 
     </span>
     <span class='ocr_line' id='line_1_36' title="bbox 432 4261 1573 4338; baseline 0.004 -24"><span class='ocrx_word' id='word_1_339' title='bbox 432 4266 489 4315; x_wconf 84' lang='lat' dir='ltr'>GH.</span> <span class='ocrx_word' id='word_1_340' title='bbox 513 4261 526 4331; x_wconf 91' lang='grc' dir='ltr'>Η</span> <span class='ocrx_word' id='word_1_341' title='bbox 548 4266 670 4318; x_wconf 87' lang='lat' dir='ltr'>sidentes</span> <span class='ocrx_word' id='word_1_342' title='bbox 690 4270 741 4319; x_wconf 82' lang='lat' dir='ltr'>GH</span> <span class='ocrx_word' id='word_1_343' title='bbox 759 4267 802 4331; x_wconf 86' lang='lat' dir='ltr'>(L,</span> <span class='ocrx_word' id='word_1_344' title='bbox 822 4268 936 4318; x_wconf 89' lang='lat' dir='ltr'>silentes</span> <span class='ocrx_word' id='word_1_345' title='bbox 956 4267 999 4332; x_wconf 87' lang='lat' dir='ltr'>lc).</span> <span class='ocrx_word' id='word_1_346' title='bbox 1023 4265 1034 4335; x_wconf 96' lang='grc' dir='ltr'>Η</span> <span class='ocrx_word' id='word_1_347' title='bbox 1058 4272 1089 4321; x_wconf 89' lang='grc'>19</span> <span class='ocrx_word' id='word_1_348' title='bbox 1109 4286 1160 4336; x_wconf 69' lang='lat' dir='ltr'>quq</span> <span class='ocrx_word' id='word_1_349' title='bbox 1178 4273 1192 4320; x_wconf 73' lang='lat' dir='ltr'>c</span> <span class='ocrx_word' id='word_1_350' title='bbox 1210 4273 1316 4320; x_wconf 78' lang='lat' dir='ltr'>tectoria</span> <span class='ocrx_word' id='word_1_351' title='bbox 1335 4277 1395 4320; x_wconf 83' lang='lat' dir='ltr'>ante</span> <span class='ocrx_word' id='word_1_352' title='bbox 1417 4286 1487 4320; x_wconf 84' lang='lat' dir='ltr'>corr.</span> <span class='ocrx_word' id='word_1_353' title='bbox 1509 4270 1538 4319; x_wconf 83' lang='lat' dir='ltr'>G.</span> <span class='ocrx_word' id='word_1_354' title='bbox 1559 4263 1573 4338; x_wconf 94' lang='grc' dir='ltr'>Η</span> 
     </span>
     <span class='ocr_line' id='line_1_37' title="bbox 429 4351 1576 4421; baseline 0.006 -23"><span class='ocrx_word' id='word_1_355' title='bbox 429 4352 463 4400; x_wconf 78' lang='lat'>20</span> <span class='ocrx_word' id='word_1_356' title='bbox 480 4351 547 4400; x_wconf 91' lang='lat' dir='ltr'>moti</span> <span class='ocrx_word' id='word_1_357' title='bbox 565 4367 618 4400; x_wconf 91' lang='lat' dir='ltr'>non</span> <span class='ocrx_word' id='word_1_358' title='bbox 636 4352 734 4402; x_wconf 87' lang='lat' dir='ltr'>herent</span> <span class='ocrx_word' id='word_1_359' title='bbox 754 4355 805 4402; x_wconf 85' lang='lat' dir='ltr'>GH</span> <span class='ocrx_word' id='word_1_360' title='bbox 822 4352 1170 4416; x_wconf 77' lang='lat' dir='ltr'>(L,motu—moti1d—</span> <span class='ocrx_word' id='word_1_361' title='bbox 1185 4370 1238 4404; x_wconf 90' lang='lat' dir='ltr'>non</span> <span class='ocrx_word' id='word_1_362' title='bbox 1262 4355 1398 4404; x_wconf 86' lang='lat' dir='ltr'>haberent</span> <span class='ocrx_word' id='word_1_363' title='bbox 1416 4356 1477 4416; x_wconf 78' lang='lat' dir='ltr'>led).</span> <span class='ocrx_word' id='word_1_364' title='bbox 1501 4352 1515 4421; x_wconf 97' lang='grc' dir='ltr'>Η</span> <span class='ocrx_word' id='word_1_365' title='bbox 1542 4358 1576 4405; x_wconf 83' lang='lat'>23</span> 
     </span>
     <span class='ocr_line' id='line_1_38' title="bbox 429 4434 1576 4502; baseline 0.003 -18"><span class='ocrx_word' id='word_1_366' title='bbox 429 4435 543 4485; x_wconf 83' lang='lat' dir='ltr'>fortuito</span> <span class='ocrx_word' id='word_1_367' title='bbox 563 4443 622 4485; x_wconf 82' lang='lat' dir='ltr'>ante</span> <span class='ocrx_word' id='word_1_368' title='bbox 640 4452 708 4489; x_wconf 81' lang='lat' dir='ltr'>corr.</span> <span class='ocrx_word' id='word_1_369' title='bbox 735 4437 796 4486; x_wconf 82' lang='lat' dir='ltr'>GH:</span> <span class='ocrx_word' id='word_1_370' title='bbox 823 4437 939 4487; x_wconf 85' lang='lat' dir='ltr'>fortuitu</span> <span class='ocrx_word' id='word_1_371' title='bbox 964 4438 1041 4488; x_wconf 79' lang='lat' dir='ltr'>G⁶H0</span> <span class='ocrx_word' id='word_1_372' title='bbox 1059 4437 1138 4502; x_wconf 74' lang='lat' dir='ltr'>(Lu).</span> <span class='ocrx_word' id='word_1_373' title='bbox 1166 4434 1177 4502; x_wconf 95' lang='grc' dir='ltr'>Η</span> <span class='ocrx_word' id='word_1_374' title='bbox 1205 4438 1328 4489; x_wconf 82' lang='lat' dir='ltr'>sidentes</span> <span class='ocrx_word' id='word_1_375' title='bbox 1345 4441 1415 4493; x_wconf 77' lang='lat' dir='ltr'>Iac:</span> <span class='ocrx_word' id='word_1_376' title='bbox 1445 4439 1576 4490; x_wconf 84' lang='lat' dir='ltr'>sedentes</span> 
     </span>
     <span class='ocr_line' id='line_1_39' title="bbox 431 4516 1573 4588; baseline 0.004 -20"><span class='ocrx_word' id='word_1_377' title='bbox 431 4519 489 4572; x_wconf 85' lang='lat' dir='ltr'>GH.</span> <span class='ocrx_word' id='word_1_378' title='bbox 512 4516 524 4584; x_wconf 95' lang='grc' dir='ltr'>Η</span> <span class='ocrx_word' id='word_1_379' title='bbox 547 4521 701 4570; x_wconf 88' lang='lat' dir='ltr'>ntticenses</span> <span class='ocrx_word' id='word_1_380' title='bbox 721 4521 750 4570; x_wconf 84' lang='lat' dir='ltr'>G.</span> <span class='ocrx_word' id='word_1_381' title='bbox 774 4517 786 4587; x_wconf 98' lang='grc' dir='ltr'>Η</span> <span class='ocrx_word' id='word_1_382' title='bbox 806 4522 938 4573; x_wconf 76' lang='lat' dir='ltr'>24latere</span> <span class='ocrx_word' id='word_1_383' title='bbox 957 4526 1012 4578; x_wconf 71' lang='lat' dir='ltr'>ed:</span> <span class='ocrx_word' id='word_1_384' title='bbox 1031 4522 1148 4573; x_wconf 86' lang='lat' dir='ltr'>laterem</span> <span class='ocrx_word' id='word_1_385' title='bbox 1162 4523 1197 4580; x_wconf 85' lang='lat' dir='ltr'>H,</span> <span class='ocrx_word' id='word_1_386' title='bbox 1215 4527 1277 4573; x_wconf 74' lang='lat' dir='ltr'>—rc</span> <span class='ocrx_word' id='word_1_387' title='bbox 1297 4523 1373 4587; x_wconf 61' lang='grc' dir='ltr'>θα,</span> <span class='ocrx_word' id='word_1_388' title='bbox 1386 4524 1479 4574; x_wconf 77' lang='lat' dir='ltr'>lateris</span> <span class='ocrx_word' id='word_1_389' title='bbox 1497 4523 1543 4588; x_wconf 83' lang='lat' dir='ltr'>Ic).</span> <span class='ocrx_word' id='word_1_390' title='bbox 1560 4522 1573 4587; x_wconf 94' lang='grc' dir='ltr'>Η</span> 
     </span>
    </p>
   </div>
   <div class='ocr_carea' id='block_1_5' title="bbox 429 4604 1577 4786">
    <p class='ocr_par' dir='ltr' id='par_1_7' title="bbox 429 4604 1577 4786">
     <span class='ocr_line' id='line_1_40' title="bbox 430 4604 1577 4709; baseline 0.007 -25"><span class='ocrx_word' id='word_1_391' title='bbox 430 4604 640 4701; x_wconf 75' lang='lat' dir='ltr'>quinquinmnm</span> <span class='ocrx_word' id='word_1_392' title='bbox 659 4639 694 4690; x_wconf 80' lang='lat' dir='ltr'>II.</span> <span class='ocrx_word' id='word_1_393' title='bbox 718 4633 729 4702; x_wconf 95' lang='grc' dir='ltr'>Η</span> <span class='ocrx_word' id='word_1_394' title='bbox 753 4640 785 4687; x_wconf 80' lang='grc'>27</span> <span class='ocrx_word' id='word_1_395' title='bbox 804 4639 905 4703; x_wconf 87' lang='lat' dir='ltr'>lydium</span> <span class='ocrx_word' id='word_1_396' title='bbox 922 4642 952 4690; x_wconf 86' lang='lat' dir='ltr'><em>H</em></span> <span class='ocrx_word' id='word_1_397' title='bbox 976 4639 1062 4705; x_wconf 80' lang='lat' dir='ltr'>(lydir&#39;r</span> <span class='ocrx_word' id='word_1_398' title='bbox 1080 4644 1111 4700; x_wconf 85' lang='lat' dir='ltr'>Ic,</span> <span class='ocrx_word' id='word_1_399' title='bbox 1131 4640 1226 4690; x_wconf 89' lang='lat' dir='ltr'>lidinm</span> <span class='ocrx_word' id='word_1_400' title='bbox 1244 4641 1288 4705; x_wconf 89' lang='lat' dir='ltr'>L),</span> <span class='ocrx_word' id='word_1_401' title='bbox 1307 4641 1377 4693; x_wconf 81' lang='lat' dir='ltr'>lidiu</span> <span class='ocrx_word' id='word_1_402' title='bbox 1396 4642 1426 4695; x_wconf 81' lang='lat' dir='ltr'>G.</span> <span class='ocrx_word' id='word_1_403' title='bbox 1451 4639 1463 4709; x_wconf 97' lang='grc' dir='ltr'>Η</span> <span class='ocrx_word' id='word_1_404' title='bbox 1486 4641 1577 4692; x_wconf 79' lang='lat' dir='ltr'>idest</span> 
     </span>
     <span class='ocr_line' id='line_1_41' title="bbox 429 4719 770 4786; baseline 0.015 -18"><span class='ocrx_word' id='word_1_405' title='bbox 429 4720 466 4780; x_wconf 75' lang='lat' dir='ltr'>rr,</span> <span class='ocrx_word' id='word_1_406' title='bbox 485 4719 528 4770; x_wconf 68' lang='lat' dir='ltr'>aas</span> <span class='ocrx_word' id='word_1_407' title='bbox 548 4722 568 4771; x_wconf 79' lang='lat' dir='ltr'>c</span> <span class='ocrx_word' id='word_1_408' title='bbox 587 4720 628 4784; x_wconf 77' lang='lat' dir='ltr'>(n,</span> <span class='ocrx_word' id='word_1_409' title='bbox 647 4721 675 4770; x_wconf 78' lang='lat' dir='ltr'>iu</span> <span class='ocrx_word' id='word_1_410' title='bbox 694 4726 707 4772; x_wconf 73' lang='lat' dir='ltr'>s</span> <span class='ocrx_word' id='word_1_411' title='bbox 725 4721 770 4786; x_wconf 76' lang='lat' dir='ltr'>a).</span> 
     </span>
    </p>
   </div>
   <div class='ocr_carea' id='block_1_6' title="bbox 0 0 1899 5625">
    <p class='ocr_par' dir='ltr' id='par_1_8' title="bbox 0 0 1899 5625">
     <span class='ocr_line' id='line_1_42' title="bbox 0 0 1899 5625; baseline 0 0"><span class='ocrx_word' id='word_1_412' title='bbox 0 0 1899 5625; x_wconf 95' lang='lat' dir='ltr'> </span> 
     </span>
    </p>
   </div>
  </div>
 </body>
</html>
