3784 5625
690 659 737 705 nn
761 659 1026 708 Ancurrncrunr
1052 664 1120 709 me.
1146 665 1193 710 rx.
1448 652 1510 716 213

366 815 586 879 doctrinarum
610 811 812 877 abnndantia
835 815 1009 896 satiantur,
1039 817 1179 903 optimos
1201 816 1358 885 habentes
1383 822 1508 906 sapien-

365 917 431 981 tiae
462 936 577 988 sensus
605 915 780 979 instituunt
809 916 999 980 civitatibus
1031 917 1241 981 humanitatis
1274 942 1379 984 mores
1406 944 1510 1008 aequa

366 1021 438 1082 iura
460 1015 565 1101 leges,
590 1016 708 1101 quibus
731 1016 921 1081 absentibus
943 1018 1035 1082 nulla
1056 1027 1164 1106 potest
1187 1041 1258 1083 esse
1281 1022 1398 1085 civitas
1420 1025 1508 1088 inco-

331 1120 473 1184 olumis
518 1136 591 1180 cum
614 1138 691 1202 ergo
714 1125 804 1181 tanta
826 1141 961 1183 munera
975 1121 1017 1184 ab
1032 1123 1226 1208 scriptorum
1247 1122 1422 1209 prudentia
1444 1126 1508 1211 pri-

366 1221 469 1285 vatim
496 1217 691 1306 publiceque
718 1219 840 1283 fuerint
868 1222 1054 1287 hominibus
1083 1232 1289 1310 praeparata,
1317 1247 1382 1289 non
1405 1223 1543 1290 solum5

364 1323 506 1387 arbitror
537 1319 661 1409 palmas
696 1330 727 1385 et
760 1344 893 1385 coronas
927 1322 979 1387 his
1014 1325 1116 1388 tribui
1144 1335 1291 1412 oportere
1319 1325 1376 1389 sed
1411 1328 1509 1391 etiam
1555 1308 1559 1314 ⁷

366 1424 498 1488 decerni
531 1423 713 1509 triumphos
742 1431 773 1486 et
805 1424 890 1489 inter
922 1425 1054 1491 deorum
1091 1426 1185 1490 sedes
1218 1449 1273 1491 eos
1308 1427 1508 1493 dedicandos

365 1526 517 1593 iudicari,

451 1627 574 1692 Eorum
596 1635 706 1690 autem
729 1628 873 1712 cogitata
894 1628 1020 1694 utiliter
1046 1629 1233 1695 hominibus
1256 1629 1298 1693 ad
1327 1632 1430 1695 vitam
1453 1654 1521 1707 ex·-

366 1729 551 1818 plicandam
574 1750 591 1790 e
613 1726 762 1815 pluribus
785 1726 915 1817 singula
936 1732 1114 1817 paucorum
1135 1734 1184 1796 uti
1207 1733 1357 1820 exempla
1378 1756 1508 1819 ponam,
1529 1750 1560 1798 10

366 1854 450 1921 quae
477 1839 746 1916 recognoscentes
774 1834 958 1897 necessario
985 1833 1035 1897 his
1064 1834 1165 1900 tribui
1193 1834 1331 1900 honores
1359 1846 1508 1923 oportere

331 1935 511 2000 rhomines
539 1932 788 1998 confitebuntur.
839 1943 871 1998 et
899 1936 1040 2021 primum
1062 1936 1208 2002 Platonis
1232 1959 1249 2000 e
1270 1935 1382 2001 multis
1410 1940 1508 2004 ratio-

365 2033 584 2101 cinationibus
607 2033 790 2100 utilissimis
813 2058 912 2100 unam
935 2038 1207 2123 quemadmodum
1229 2039 1271 2104 ab
1292 2062 1330 2104 eo
1346 2039 1509 2127 explicata

366 2140 409 2203 sit
431 2158 559 2224 ponam.
603 2135 691 2201 loeus
714 2146 771 2201 aut
793 2160 871 2223 ager
892 2138 1025 2224 paribus
1053 2139 1210 2203 lateribus
1233 2142 1261 2203 si
1284 2142 1346 2203 erit
1368 2140 1537 2226 quadra-1

365 2250 418 2304 tus
448 2260 585 2325 eumque
612 2239 793 2325 oportuerit
820 2238 997 2325 duplicari,
1032 2240 1118 2326 quod
1153 2264 1233 2327 opus
1261 2241 1361 2305 fuerit
1388 2264 1507 2326 genere
1527 2257 1559 2305 15

364 2342 492 2405 numeri
514 2339 600 2426 quod
623 2338 949 2427 multiplicationibus
964 2364 1030 2407 non
1051 2342 1234 2423 invenitur,
1258 2364 1299 2404 ex
1315 2341 1507 2430 descriptio-

366 2443 462 2507 nibus
485 2442 646 2506 linearum
668 2441 848 2505 emendatis
870 2444 1042 2527 reperitur.
1080 2452 1128 2507 est
1151 2451 1259 2506 autem
1273 2444 1342 2506 eius
1357 2445 1405 2507 rei
1427 2444 1507 2508 haec

366 2544 610 2610 demonstratio.
648 2541 826 2630 quadratus
849 2542 940 2607 loeus
957 2545 1091 2631 quierit
1113 2542 1228 2629 longus
1245 2553 1277 2607 et
1298 2543 1383 2608 latus
1406 2545 1506 2632 pedes

367 2647 467 2711 denos
491 2644 592 2709 efficit
613 2666 709 2708 areae
731 2645 830 2731 pedes
854 2663 883 2709 c.
928 2647 957 2709 si
980 2667 1056 2731 ergo
1079 2668 1159 2731 opus
1182 2646 1282 2709 fucrit
1305 2669 1378 2709 eum
1400 2647 1506 2734 dupli·

366 2771 440 2815 care
463 2756 495 2812 et
517 2746 637 2836 pedum
660 2762 701 2811 cc
723 2749 801 2812 item
824 2768 841 2810 e
863 2747 997 2834 paribus
1020 2746 1178 2812 lateribus
1199 2748 1322 2831 facere,
1352 2771 1506 2836 quaeren-
1526 2766 1558 2814 ιο

366 2854 446 2916 dum
468 2852 529 2916 erit
552 2872 649 2936 quam
670 2872 825 2935 magnum
846 2848 931 2913 latus
955 2852 1022 2914 eius
1045 2850 1196 2937 quadrati
1217 2850 1275 2915 fiat
1296 2860 1333 2916 ut
1355 2874 1398 2916 ex
1413 2874 1450 2917 eo
1465 2870 1506 2917 cc

365 2953 466 3042 pedes
489 2950 765 3040 duplicationibus
787 2973 881 3014 areae
903 2951 1129 3038 respondeant.
1179 2952 1214 3016 id
1243 2961 1351 3017 autem
1373 2977 1508 3020 numero

365 3078 460 3120 nemo
484 3063 590 3142 potest
612 3053 769 3117 invenire.
814 3075 954 3139 namque
977 3055 1004 3116 si
1027 3072 1106 3118 xlm
1129 3055 1383 3138 constituentur,
1413 3065 1508 3120 erunt

330 3171 347 3217 5
366 3156 575 3243 multiplicati
597 3155 696 3242 pedes
713 3173 827 3238 CXCVI,
851 3156 879 3218 si
895 3173 953 3238 xv,
977 3154 1076 3241 pedes
1092 3172 1217 3220 ccxxv.
1262 3179 1338 3242 ergo
1354 3159 1507 3243 quoniam

366 3259 402 3324 id
436 3282 500 3324 non
531 3257 713 3345 explicatur
745 3279 878 3322 numero
889 3306 898 3340 ,
932 3259 967 3322 in
995 3278 1032 3322 eo
1060 3258 1218 3344 quadrato
1250 3257 1347 3344 longo
1376 3267 1408 3322 et
1441 3258 1506 3322 lato
1524 3275 1557 3324 25

365 3361 466 3448 pedes
489 3379 513 3424 x
535 3381 618 3446 quae
645 3358 745 3424 fuerit
772 3359 859 3423 linea
881 3359 922 3423 ab
945 3359 1064 3444 angulo
1087 3360 1130 3424 ad
1158 3359 1314 3445 angulum
1337 3360 1506 3445 diagonios

365 3461 580 3550 perducatur,
608 3462 658 3523 uti
685 3459 877 3525 dividantur
898 3460 964 3524 duo
991 3463 1122 3547 trigona
1143 3484 1248 3549 aequa
1269 3461 1506 3548 magnitudine,

366 3561 497 3648 singula
516 3583 613 3625 areae
635 3560 756 3648 pedum
778 3564 1060 3648 quinquagenum,
1088 3563 1131 3628 ad
1154 3565 1288 3650 eiusque
1309 3563 1415 3628 lineae
1437 3564 1506 3628 dia-

365 3663 494 3750 gonalis
522 3661 762 3754 longitudinem
789 3663 879 3728 loeus
903 3662 1081 3750 quadratus
1112 3665 1246 3752 paribus
1269 3665 1427 3730 lateribus
1450 3665 1505 3729 de-

366 3764 540 3831 scribatur.
583 3763 631 3825 ita
653 3785 749 3849 quam
770 3786 890 3850 magna
912 3756 976 3830 duo
999 3767 1129 3852 trigona
1150 3768 1185 3828 in
1205 3766 1330 3831 minore
1346 3766 1505 3853 quadrato
1524 3782 1557 3830 30

366 3939 595 3950 -.-.——-

437 4045 449 4089 l
469 4039 605 4089 habentes
622 4053 681 4104 epo:
707 4037 811 4088 hebent
827 4039 912 4088 ΕΘΗ.
937 4035 950 4106 ll
976 4038 1159 4089 2instituunt
1177 4037 1352 4088 civitatibus:
1374 4039 1412 4086 ric
1430 4037 1508 4087 EGH

368 4126 580 4191 (instituuntque
598 4123 674 4184 don).
697 4117 709 4188 Η
730 4121 912 4172 humanitatis
935 4122 1014 4172 ΕΘΗ
1037 4120 1115 4185 (L020,
1138 4121 1277 4171 -tatibus
1295 4128 1355 4171 ante
1376 4137 1445 4172 corr.
1466 4123 1508 4186 LI,

368 4215 475 4260 -tates
493 4208 543 4271 rb).
565 4204 577 4274 ll
603 4209 633 4256 15
651 4206 789 4270 duplicari
806 4207 867 4256 EG:
894 4222 959 4256 -re
980 4200 1010 4255 H
1033 4202 1110 4270 (Llc).
1139 4202 1150 4270 Ι]
1180 4206 1211 4253 16
1234 4203 1305 4269 quod
1323 4221 1356 4254 m.
1376 4205 1404 4253 H
1423 4203 1507 4269 (Llc):

369 4311 474 4360 quom.
493 4293 550 4345 EG.
574 4288 586 4359 ΙΙ
609 4306 643 4341 ex
660 4290 760 4340 Maelo:
781 4306 813 4340 eo
832 4289 917 4340 EGH.
938 4286 950 4355 ΙΙ
971 4289 1086 4340 171ιιιοο
1103 4305 1150 4341 om,
1168 4291 1199 4338 lc.
1220 4285 1233 4355 ΙΙ
1258 4291 1289 4338 19
1308 4287 1329 4337 C
1417 4289 1461 4352 (20
1480 4294 1508 4339 et

368 4379 412 4441 21)
431 4378 475 4429 CC
560 4384 585 4427 et
601 4380 628 4425 in
645 4392 701 4442 sqq.
720 4376 763 4436 (26
781 4372 819 4441 X)
839 4388 997 4422 numerorum
1012 4374 1087 4436 signa
1103 4379 1199 4437 ponunt
1221 4372 1307 4422 ΕΘΗ.
1330 4370 1342 4440 ΙΙ
1365 4373 1507 4438 duplicare

370 4460 449 4526 (loc.)
472 4467 499 4512 et
522 4460 561 4526 (et
580 4476 673 4511 aream
690 4457 759 4525 Joc.)
782 4459 878 4524 pedum
903 4456 963 4506 CC:
994 4456 1130 4522 duplicari
1152 4456 1224 4521 pedo
1243 4455 1306 4506 ·CC·
1323 4457 1408 4511 EGH.
1436 4455 1449 4524 ss
1475 4461 1508 4509 20

370 4547 511 4612 operibus:
541 4548 579 4596 ric
600 4545 685 4598 EGH.
712 4541 725 4611 11
752 4546 784 4593 22
808 4541 995 4608 duplicatibus
1017 4544 1040 4590 lc
1062 4547 1088 4591 et
1110 4548 1168 4591 ante
1185 4556 1253 4592 corr.
1278 4542 1302 4592 Ιι.
1325 4538 1337 4608 ll
1360 4544 1393 4592 26
1415 4558 1466 4606 que
1490 4543 1509 4592 f.

369 4632 407 4681 E:
428 4630 500 4695 qnod
524 4631 543 4680 f.
568 4631 625 4684 GH.
650 4627 662 4696 ΙΙ
685 4629 831 4694 diagonios
857 4628 926 4677 doc:
958 4625 1086 4692 diogenis
1113 4625 1198 4678 EGH.
1220 4621 1232 4691 ll
1260 4627 1293 4676 28
1316 4626 1510 4692 quinquagesi-

370 4731 441 4765 mum
460 4718 483 4764 le
501 4711 549 4780 [1].
