3784 5625
402 643 462 708 182
889 654 1047 702 vrrruvu

399 821 534 876 naturae
556 808 839 875 considerantibus
853 806 1097 889 admirationes,
1120 808 1208 893 quod
1229 807 1330 872 habet
1348 830 1417 876 non
1429 809 1465 874 in
1479 831 1539 874 om·

401 913 498 978 nibus
520 912 600 977 locis
622 910 742 997 quibus
764 911 910 973 nascitur
931 910 1028 973 unius
1048 910 1178 993 generis
1200 908 1359 992 colorem,
1388 912 1448 974 sed
1468 909 1540 975 solis

402 1039 499 1081 cursu
519 1011 713 1079 naturaliter
738 1020 948 1098 temperatur.
992 1011 1102 1096 itaque
1123 1010 1211 1096 quod
1239 1009 1361 1095 legitur
1388 1011 1492 1076 Ponto
1513 1020 1565 1076 etr

404 1115 528 1197 Gallia,
557 1114 645 1201 quod
673 1114 735 1178 hac
756 1114 905 1198 regiones
928 1122 1003 1177 sunt
1025 1113 1194 1197 proximae
1214 1112 1258 1175 ad
1281 1114 1541 1199 septentrionem,

370 1228 453 1283 5cst
478 1227 595 1281 atrum.
639 1214 923 1301 progredientibus
950 1217 1035 1278 inter
1056 1215 1310 1299 septentrionem
1339 1224 1372 1279 et
1400 1214 1540 1281 occiden-

403 1332 470 1385 tem
491 1318 658 1383 invcnitur
679 1316 828 1381 lividum.
873 1316 961 1402 quod
987 1325 1096 1380 autem
1123 1315 1243 1401 legitur
1263 1315 1307 1379 ad
1328 1318 1541 1403 aequinoctia·

405 1422 469 1486 lem
492 1422 651 1485 orientem
667 1428 699 1483 et
720 1417 932 1500 occidentem,
955 1418 1123 1482 invenitur
1137 1416 1283 1483 violaceo
1305 1418 1441 1484 colore„
1465 1418 1541 1505 quod

405 1544 484 1587 vero
505 1521 695 1585 meridianis
716 1518 906 1604 regionibus
928 1520 1105 1605 excipitur,
1126 1517 1227 1583 rubra
1247 1529 1440 1606 procreatur
1462 1529 1541 1606 pote·

407 1632 508 1704 state,
543 1631 575 1685 et
606 1621 681 1685 ideo
715 1620 777 1686 hoc
803 1620 919 1685 Rhodo
948 1622 1045 1684 etiam
1078 1619 1186 1691 insula
1213 1630 1343 1686 creatur
1369 1622 1543 1707 ceterisque

358 1739 390 1786 10
408 1724 567 1789 eiusmodi
593 1722 783 1807 regionibus
818 1745 900 1809 quae
932 1722 1103 1809 proximae
1129 1732 1205 1788 sunt
1237 1722 1316 1788 solis
1344 1724 1465 1788 cursui.
1512 1740 1565 1787 eae

409 1825 579 1912 conchylia
595 1847 669 1888 eum
684 1833 760 1889 srmt
779 1824 880 1906 lecta,
895 1824 1103 1890 ferramentis
1118 1825 1205 1889 eirca
1219 1823 1427 1907 scinduntur,
1450 1846 1468 1886 c
1483 1822 1542 1910 qui·

409 1929 470 1992 bus
492 1926 599 2013 plagis
622 1948 786 2012 purpurea
808 1927 915 1990 sanies
936 1926 987 1991 uti
1013 1924 1149 1990 lacrima
1170 1925 1336 2011 profluens
1358 1947 1498 1989 excussa
1516 1925 1544 1986 in

409 2028 572 2094 mortariis
594 2027 730 2091 terendo
752 2037 972 2113 comparatur,
1000 2036 1033 2091 et
1060 2028 1147 2114 quod
1174 2019 1223 2092 cx‘
1238 2027 1436 2092 concharum
1457 2027 1543 2090 mari-

409 2153 523 2195 narum
545 2130 638 2194 testis
661 2129 827 2213 eximitur,
849 2128 923 2198 ideo
946 2138 1070 2219 ostrum
1092 2138 1141 2195 est
1157 2130 1352 2195 vocitatum.
1389 2128 1426 2193 id
1447 2136 1545 2193 autem

360 2244 392 2292 15
410 2241 541 2319 propter
563 2230 763 2315 salsuginem
778 2231 842 2297 cito
864 2230 902 2295 fit
924 2230 1138 2315 siticulosum,
1160 2232 1226 2296 nisi
1246 2229 1312 2295 mel
1333 2229 1455 2296 habeat
1470 2230 1545 2294 circa

411 2334 530 2399 fusum,
641 2381 643 2386 ι

331 2445 396 2500 XIV
498 2436 599 2501 Fiunt
615 2437 713 2501 etiam
734 2436 890 2523 purpurei
905 2434 1029 2500 colores
1050 2434 1172 2500 infecta
1186 2443 1276 2498 creta
1296 2434 1414 2501 rubiae
1433 2433 1569 2513 radicet

413 2548 445 2603 et
468 2560 510 2602 ex
531 2538 688 2625 hysgino,
710 2560 776 2603 non
797 2538 905 2601 minus
928 2545 961 2601 et
982 2558 1025 2599 ex
1045 2529 1180 2602 floribus'
1195 2536 1253 2601 alii
1274 2535 1411 2602 colores.
1447 2536 1547 2622 itaque

413 2650 552 2706 tectores
575 2662 648 2716 cum
671 2638 786 2706 volunt
806 2639 847 2705 sil
873 2639 1010 2704 atticum
1032 2639 1170 2721 imitari,
1197 2638 1319 2703 violam
1340 2638 1470 2703 aridam
1491 2638 1545 2704 coi·

363 2759 397 2806 eo
415 2743 536 2806 cientes
559 2742 594 2806 in
615 2763 674 2805 vas
697 2764 771 2805 cum
792 2764 893 2829 aqua,
922 2740 1201 2806 confervefaciunt
1222 2738 1266 2805 ad
1286 2741 1416 2826 ignem,
1438 2738 1547 2805 deinde

415 2867 488 2907 cum
511 2852 559 2906 est
586 2853 801 2929 temperatum
828 2844 969 2910 coiciunt
996 2845 1032 2908 in
1058 2843 1210 2925 linteum,
1242 2852 1274 2908 et
1300 2842 1380 2909 inde
1407 2842 1547 2909 manibus

416 2946 634 3030 exprimentes
656 2946 818 3031 recipiunt
844 2948 880 3010 in
900 2946 1091 3014 mortarium
1112 2966 1229 3030 aquam
1250 2965 1294 3009 ex
1315 2943 1415 3011 violis
1437 2944 1547 3011 colora·

415 3057 499 3129 tam,
522 3057 554 3112 et
576 3069 614 3111 eo
635 3055 758 3113 cretam
779 3047 988 3118 infundentes
1011 3056 1043 3112 et
1065 3069 1136 3111 eam
1157 3054 1299 3112 terentes
1316 3045 1466 3111 efficiunt
1488 3045 1548 3112 silis

388 3174 392 3181 ·
415 3151 508 3216 attici
523 3149 673 3215 colorem.
710 3147 825 3214 eadem
839 3149 966 3214 ratione
980 3149 1165 3215 vaccinium
1185 3157 1406 3234 temperantes
1421 3158 1455 3215 et
1476 3147 1572 3213 lactea

366 3268 398 3317 25
416 3252 590 3316 miscentes
612 3273 788 3338 purpuram
802 3250 927 3314 faciunt
943 3250 1133 3336 elegantem.
1170 3251 1249 3314 item
1264 3251 1321 3337 qui
1333 3273 1403 3316 non
1423 3256 1550 3338 possunt

417 3341 620 3438 chrysocolla
641 3362 774 3440 propter
788 3354 958 3418 caritatem
978 3353 1044 3434 uti,
1067 3350 1169 3417 herba
1183 3373 1265 3441 quae
1286 3351 1402 3419 lutum.
1415 3350 1548 3439 appella·

417 3464 471 3518 tur
493 3453 676 3517 caeruleum
698 3455 861 3536 inficiunt,
885 3465 917 3520 et
938 3462 1075 3518 utuntur
1094 3451 1295 3518 viridissimo
1318 3451 1437 3518 colore.
1480 3454 1550 3518 haec

417 3563 526 3617 autem
548 3554 706 3619 infectiva
722 3553 916 3642 appellatur.
959 3556 1037 3620 item
1059 3563 1191 3641 propter
1211 3554 1355 3641 inopiam
1370 3553 1490 3623 coloris
1510 3556 1549 3621 in·

419 3705 537 3711 >---——-
549 3705 556 3710 -
583 3703 646 3712 -——-

488 3782 503 3829 7
520 3777 642 3831 violacio
658 3780 740 3830 ΕθΗ
755 3777 800 3842 (Ε,
819 3781 892 3830 —tio
910 3782 933 3829 lc
950 3788 976 3829 et
993 3785 1052 3830 ante
1069 3795 1138 3831 corr.
1159 3780 1199 3842 6).
1220 3775 1235 3846 ll
1256 3782 1274 3830 9
1290 3778 1344 3829 hoc
1361 3778 1448 3831 rhodo
1466 3777 1552 3842 (hrode

419 3863 459 3928 c):
477 3866 514 3915 sie
531 3864 617 3915 EGH.
641 3861 654 3931 ΙΙ
677 3867 709 3914 10
727 3865 819 3914 cursui
837 3860 956 3929 0001011
980 3867 1012 3915 12
1031 3879 1147 3915 excursa
1164 3865 1199 3918 E.
1215 3860 1227 3930 ΙΙ
1244 3865 1277 3915 15
1289 3863 1379 3915 circa:
1396 3865 1437 3914 sic
1450 3859 1551 3921 10111

422 3952 452 4000 17
470 3948 567 3999 rubiae
584 3949 654 4000 doaz
681 3950 765 4000 rubra
783 3949 861 4000 EGH
883 3945 921 4012 (et
938 3947 1021 4013 epit).
1045 3944 1057 4013 ΙΙ
1081 3949 1113 3998 18
1131 3952 1160 3998 et
1184 3963 1217 3999 cx
1239 3947 1357 4014 hysgino
1381 3947 1424 4010 (ct
1444 3947 1554 4014 hysgino

420 4035 476 4087 dor.
494 4050 508 4084 e
526 4035 591 4087 Ptin.
616 4036 659 4097 35,
678 4033 737 4099 45):
762 4037 790 4084 ct
815 4048 939 4098 excygno
957 4032 1051 4097 (cigno
1069 4029 1128 4096 EG)
1148 4032 1235 4086 ΕΕΗ.
1250 4027 1263 4098 ΙΙ
1281 4033 1313 4082 la
1331 4031 1553 4084 silacticumarte

421 4135 491 4170 corr.
514 4118 546 4166 H
566 4114 591 4180 (c
608 4124 633 4168 et
651 4125 710 4169 ante
727 4134 797 4171 corr.
814 4117 843 4176 h,
865 4116 903 4169 sil
920 4117 1016 4167 acticir
1032 4116 1082 4175 W,
1105 4115 1258 4167 silatticnm
1274 4117 1331 4176 Hc,
1354 4116 1391 4168 sil
1408 4116 1499 4168 attici
1515 4115 1553 4179 L),

422 4202 456 4252 sil
476 4204 565 4253 attici
582 4209 642 4255 ante
659 4218 727 4253 corr.
744 4202 770 4251 Ε
789 4200 847 4263 (sed
863 4201 903 4250 Eo
918 4201 955 4251 sil
972 4200 1090 4263 action),
1113 4201 1151 4252 sil
1169 4199 1288 4252 atticulri
1308 4205 1339 4255 G.
1365 4197 1379 4268 ΙΙ
1408 4201 1554 4253 coicientes

424 4288 483 4346 o'H,
501 4287 671 4338 conicientes
688 4287 722 4337 Ε.
746 4282 757 4352 ll
780 4289 813 4337 20
831 4301 892 4337 cum
909 4300 984 4350 aqua
1000 4287 1063 4340 EG:
1091 4301 1153 4337 cum
1170 4287 1222 4351 qni
1239 4286 1269 4336 Η
1291 4284 1366 4348 (cum
1386 4301 1468 4352 quam
1484 4284 1525 4351 lc).
1542 4279 1551 4343 1

379 4366 383 4373 ’
423 4371 556 4422 conferve
574 4371 681 4422 faciunt
698 4387 758 4438 eqo:
781 4371 941 4423 conferrere
964 4372 1074 4423 faciunt
1090 4371 1176 4423 roll.
1206 4367 1219 4437 ΙΙ
1245 4372 1276 4420 21
1300 4370 1425 4422 coiciunt
1447 4371 1553 4423 linteum

424 4455 502 4505 EGH
519 4452 559 4518 (iu
576 4458 636 4508 add.
655 4456 717 4519 ed).
741 4452 753 4522 ΙΙ
775 4459 808 4508 23
826 4456 886 4507 silis
904 4457 985 4507 attici
1004 4457 1058 4508 GH
1072 4455 1131 4523 (lc),
1150 4454 1271 4508 silaetici
1287 4454 1322 4510 Ε.
1344 4451 1358 4522 [Ι
1379 4457 1414 4507 24
1430 4454 1505 4506 lacte
1522 4452 1553 4517 (ir

424 4537 487 4603 abl.)
504 4555 563 4603 epo:
580 4539 653 4592 lacte
672 4543 694 4592 θ
711 4538 765 4607 (L),
784 4541 886 4593 lactem
903 4541 962 4590 ΕΗ
977 4540 1034 4604 (lac
1051 4539 1096 4605 lc).
1113 4537 1280 4606 1126101οω
1297 4539 1376 4592 Salar.
1396 4539 1421 4603 (e
1439 4540 1551 4595 Pressa

424 4627 457 4673 87
475 4631 500 4674 et
511 4622 569 4687 91);
587 4624 690 4675 luteum
708 4623 796 4688 (luten
810 4625 815 4690 Ι
830 4626 870 4686 II,
889 4624 968 4675 luter'r
984 4625 1021 4688 Ε)
1044 4625 1123 4676 ΕΕΗ
1140 4623 1245 4688 (lutear
1262 4623 1345 4689 epit).
1368 4620 1382 4692 [Ι
1403 4627 1436 4676 27
1455 4622 1552 4676 viridis·

426 4708 495 4757 simo
508 4707 598 4758 colore
617 4710 670 4762 eda
690 4725 796 4760 -mum
814 4710 933 4762 colorem
951 4711 987 4772 H,
1006 4711 1086 4761 -mu
1103 4707 1193 4766 colore
1210 4708 1268 4761 EG.
1289 4704 1302 4776 ΙΙ
1323 4709 1358 4761 28
1374 4708 1509 4761 iniectiva
1524 4703 1551 4757 Ε.
