3784 5625
742 695 789 740 ox
813 662 1077 742 nircmrnornsn
1103 697 1169 743 nm.
1192 702 1223 744 x.
1489 680 1552 745 263

411 846 594 911 obturando
628 847 787 911 foramina
814 847 948 911 alternis
981 847 1175 934 aperiundo,
1212 871 1229 911 e
1260 850 1392 912 musicis
1427 850 1552 914 artibus

410 947 648 1035 multiplicibus
663 948 866 1013 modulorum
888 950 1100 1015 varietatibus
1117 960 1268 1014 sonantes
1285 951 1430 1014 excitant
1445 957 1553 1015 voces.

497 1049 666 1129 Quantum
688 1052 779 1137 potui
801 1053 863 1114 niti
884 1062 921 1116 ut
943 1052 1082 1116 obscura
1103 1074 1154 1115 res
1177 1049 1235 1139 per
1250 1054 1446 1139 scripturam
1468 1051 1551 1115 dilu-

411 1151 484 1216 cide
505 1152 772 1238 pronuntiaretur
794 1154 963 1235 contendi,
992 1154 1050 1217 sed
1077 1154 1157 1217 hacc
1178 1176 1244 1217 non
1266 1164 1315 1218 cst
1337 1153 1443 1218 facilis
1469 1155 1552 1216 ratio

411 1275 518 1339 neque
533 1251 684 1317 omnibus
702 1256 857 1341 expedita
878 1256 921 1318 ad
935 1255 1192 1340 intellegendum
1213 1264 1342 1342 praeter
1364 1278 1418 1319 eos
1441 1256 1497 1340 qui
1519 1256 1553 1317 in
1571 1268 1586 1315 5

411 1355 462 1419 his
491 1354 667 1439 generibus
695 1356 815 1421 habent
844 1359 1121 1421 exercitationem.
1172 1357 1258 1443 quod
1292 1358 1320 1420 si
1353 1358 1409 1443 qui
1438 1378 1553 1441 parum

411 1456 611 1520 intellexerit
627 1459 825 1545 exscriptis,
850 1481 923 1522 cum
937 1461 1040 1545 ipsam
1057 1481 1124 1521 rem
1141 1468 1315 1542 cognoscet
1336 1457 1482 1545 profecto
1504 1458 1552 1520 in·

412 1560 522 1622 veniet
545 1558 670 1621 curiose
694 1568 726 1622 et
748 1559 912 1623 subtiliter
934 1562 1042 1623 omnia
1063 1561 1223 1623 ordinata.

331 1672 392 1736 (lx)
498 1659 708 1730 Transfertur
735 1683 821 1724 nunc
850 1663 1004 1746 cogitatio
1032 1663 1213 1747 scripturae
1239 1661 1280 1723 ad
1293 1717 1296 1722 .
1309 1662 1467 1725 rationem
1489 1682 1554 1724 non
1574 1671 1639 1721 XIV

412 1749 577 1825 inutilem'
590 1761 648 1823 sed
676 1785 800 1826 summa
828 1762 972 1827 sollertia
997 1786 1017 1826 a
1038 1762 1214 1827 maioribus
1236 1762 1407 1843 traditam,
1436 1784 1499 1848 qua
1520 1762 1554 1824 in
1573 1775 1605 1823 10

413 1865 469 1925 via
491 1862 569 1925 reda
591 1863 741 1927 sedentes
769 1862 822 1927 vel
848 1865 931 1928 mari
958 1866 1151 1949 navigantes
1180 1865 1263 1928 scire
1290 1864 1452 1950 possimus
1476 1871 1555 1949 quot

412 1962 504 2028 milia
525 1986 659 2028 numero
681 1965 808 2028 itineris
831 1965 1016 2030 fecerimus.
1059 1966 1120 2030 hoc
1142 1975 1250 2028 autem
1274 1966 1335 2029 erit
1364 1966 1420 2028 sic.
1466 1974 1555 2029 rotae

413 2087 497 2152 quae
520 2074 614 2129 erunt
635 2068 670 2130 in
691 2065 770 2129 reda
793 2068 859 2130 sint
881 2066 966 2131 latae
988 2089 1046 2154 per
1067 2067 1209 2130 mediam
1232 2067 1414 2130 diametron
1434 2066 1555 2151 pedum
1651 2079 1655 2086 '

413 2176 617 2254 quaternum,
640 2177 676 2231 ut
699 2190 772 2239 eum
784 2168 911 2232 finitum
926 2169 1031 2233 locum
1054 2169 1173 2233 habeat
1195 2170 1230 2231 in
1252 2190 1286 2231 sc
1301 2177 1373 2231 rota
1395 2166 1436 2230 ab
1453 2188 1555 2251 eoque

413 2270 548 2355 incipiat
570 2269 783 2353 progrediens
811 2270 846 2331 in
869 2269 936 2334 solo
959 2272 1034 2347 viae
1060 2270 1167 2332 lacere
1189 2270 1416 2349 versationem,
1440 2289 1553 2353 perve-
1576 2281 1605 2328 15

397 2371 532 2440 ,niendo
554 2369 597 2432 ad
619 2391 689 2432 cam
711 2370 891 2433 finitionem
912 2394 932 2434 a
955 2395 1018 2458 qua
1032 2373 1176 2456 coeperit
1195 2370 1321 2433 versari
1343 2378 1466 2433 certum
1489 2390 1554 2432 mo-

379 2474 492 2540 ndum
515 2472 612 2558 spatii
634 2471 753 2535 habeat
775 2482 941 2558 peractum
964 2474 1065 2559 pedes
1088 2490 1179 2537 xus.
1213 2473 1264 2535 his
1285 2472 1332 2533 ita
1353 2471 1554 2556 praeparatis
1606 2477 1608 2479 ’

412 2585 491 2638 tunc
505 2575 540 2637 in
562 2582 650 2636 rotae
673 2572 813 2638 modiolo
843 2575 885 2637 ad
907 2584 1034 2660 partem
1062 2574 1249 2637 interiorem
1276 2583 1468 2659 tympanum
1491 2581 1554 2634 sta-

413 2675 525 2740 biliter
552 2673 739 2738 includatur
766 2675 888 2739 habens
917 2686 1011 2740 extra
1036 2676 1177 2739 frontem
1210 2696 1288 2737 suae
1316 2673 1555 2737 rotundationis

416 2786 582 2841 extantem
606 2775 805 2840 denticulum
828 2800 940 2842 unum.
984 2778 1118 2862 insuper
1144 2785 1254 2865 autem
1281 2774 1324 2838 ad
1352 2797 1484 2863 capsum
1505 2796 1554 2838 re·
1574 2787 1606 2837 20

415 2880 476 2943 dae
498 2879 748 2944 loculamentum
770 2879 906 2943 firmiter
932 2880 1052 2965 figatur
1078 2879 1202 2943 habens
1230 2888 1421 2966 tympanum
1448 2899 1556 2940 versa-

415 2980 473 3046 tile
494 2982 529 3043 in
552 2979 655 3044 cultro
678 2979 882 3045 conlocatum
905 2982 993 3045 etin
1016 2983 1145 3046 axiculo
1168 2979 1371 3061 conclusum,
1402 2980 1436 3042 in
1465 2978 1556 3041 cuius

405 3084 563 3170 *tympani
589 3082 696 3147 fronte
724 3081 882 3146 denticuli
914 3082 1125 3169 perficiantur
1156 3080 1338 3168 aequaliter
1371 3081 1471 3143 divisi
1498 3102 1555 3142 nu-

380 3251 384 3275 :
416 3207 503 3249 mero
526 3184 756 3270 quadringenti
778 3186 1008 3249 convenientes
1031 3183 1195 3249 denticulo
1211 3183 1359 3270 tympani
1380 3181 1555 3245 inferioris,

416 3295 583 3372 praeterea
610 3288 770 3373 superiori
797 3297 953 3374 tympano
981 3287 1024 3349 ad
1045 3285 1130 3350 latus
1158 3286 1278 3370 figatur
1304 3283 1387 3346 alter
1409 3282 1556 3345 denticu-
1575 3294 1608 3342 ‘25

383 3405 398 3453 3
416 3386 466 3451 lus
489 3389 675 3473 prominens
698 3398 792 3452 extra
814 3389 938 3454 dentes.
968 3398 1189 3474 superantem
1210 3397 1403 3476 tympanum
1425 3383 1558 3472 planum

417 3593 645 3602 ——.-——-—-

488 3728 500 3773 1
520 3724 672 3774 obturando
690 3726 768 3776 Ptin:
792 3728 927 3777 obdurant
947 3730 980 3788 θ,
999 3735 1129 3794 opturant
1146 3732 1178 3779 Η
1193 3729 1236 3792 (L,
1254 3729 1420 3785 obturanti,
1440 3743 1486 3776 om.
1505 3743 1559 3774 curu

417 3828 489 3875 seqq.
508 3811 543 3858 ud
560 3828 582 3858 v.
602 3808 717 3859 alternis
735 3809 786 3874 eb).
803 3807 813 3876 Η
831 3800 1033 3875 aperiundali
1048 3812 1126 3875 (Lle),
1147 3813 1295 3876 aperiendo
1315 3812 1344 3864 6.
1364 3807 1376 3875 Η
1401 3826 1415 3859 e
1433 3811 1557 3859 musicis:

417 3900 456 3945 sic
475 3893 533 3943 GH.
551 3889 562 3957 ΙΙ
579 3896 595 3944 3
608 3893 734 3945 delucide
749 3894 802 3944 GH
812 3895 854 3957 (L,
868 3895 914 3945 dil.
927 3896 970 3963 lc).
993 3894 1005 3962 ΙΙ
1028 3898 1043 3945 6
1056 3900 1080 3945 si
1093 3898 1139 3960 qui
1159 3932 1164 3944 .
1179 3933 1185 3944 .
1200 3933 1205 3943 .
1224 3894 1403 3963 intellexerit:
1420 3894 1458 3942 sic
1472 3893 1530 3940 GH.
1544 3889 1556 3956 ΙΙ

419 3981 434 4028 7
454 3995 486 4027 ex
504 3978 532 4025 ΙΙ
551 3977 671 4041 (θθΕῑσ);
696 3982 723 4026 et
741 3986 799 4027 ante
812 3995 880 4031 corr.
901 3981 929 4034 G.
952 3978 964 4046 ΙΙ
988 3978 1172 4046 eognosc&(et
1187 3979 1220 4038 G)
1307 3974 1557 4038 inveni&(-et6):

418 4065 455 4113 sic
470 4064 528 4112 GH.
545 4059 556 4128 Η
572 4063 790 4112 9Transfertur:
809 4066 846 4113 sie
864 4064 949 4116 EGH.
972 4067 1019 4115 loc
1036 4072 1113 4127 caput
1131 4080 1209 4128 osque
1226 4064 1262 4112 od
1273 4064 1320 4124 fin.
1339 4059 1376 4126 (p.
1391 4061 1448 4116 266,
1467 4057 1495 4122 2)
1514 4059 1558 4107 Ιια-

420 4149 460 4197 bet
478 4144 547 4212 Esll
573 4149 603 4196 13
622 4151 701 4195 erunt
721 4153 780 4196 aute
798 4163 865 4198 corr.
885 4165 930 4200 om.
952 4149 981 4199 (ι’.
1005 4145 1016 4213 Ι]
1040 4146 1157 4196 mediam
1179 4147 1332 4195 diametron
1349 4145 1418 4193 doc:
1442 4143 1558 4191 medium

421 4229 559 4294 diam&(et
573 4228 638 4293 Glrb
659 4229 745 4292 (-um
764 4231 800 4292 El
819 4233 904 4282 EGH.
927 4229 939 4298 ΙΙ
964 4233 995 4280 16
1014 4231 1112 4281 linione
1133 4232 1154 4281 G
1172 4229 1233 4292 (non
1252 4229 1295 4291 Ε).
1318 4225 1330 4294 ΙΙ
1353 4229 1383 4277 17
1401 4225 1498 4290 pedes:
1521 4229 1559 4275 sto

421 4317 501 4365 EGH
516 4311 719 4379 (pedum‘Jocl.
747 4312 758 4379 ΙΙ
783 4315 836 4363 XII
855 4316 890 4366 .S.
912 4316 962 4365 GH
981 4314 1064 4378 (Llc):
1092 4316 1142 4363 XV
1163 4313 1199 4364 .S.
1220 4314 1252 4364 Ε.
1276 4310 1288 4377 ΙΙ
1311 4313 1343 4361 18
1365 4315 1431 4360 tunc
1452 4313 1512 4375 rote
1534 4310 1559 4358 Ε

368 4432 376 4445 .
421 4400 482 4461 (non
496 4399 536 4464 (ἶ).
553 4395 564 4464 ΙΙ
580 4398 737 4447 interiorem
755 4398 824 4448 doc:
844 4399 974 4448 inferiore
987 4398 1040 4446 GH
1049 4397 1260 4460 (inferiorem-
1271 4399 1410 4446 extantem
1427 4409 1474 4442 om.
1487 4393 1533 4457 Ε),
1545 4391 1558 4458 ll

421 4485 452 4532 21
476 4484 606 4533 versatile
634 4484 689 4532 ert:
717 4482 803 4532 -lern
827 4481 897 4545 (-lc
917 4481 949 4546 G)
972 4480 1058 4531 EGH.
1082 4477 1094 4546 ll
1121 4483 1154 4530 22
1177 4478 1310 4529 inaxiculi
1333 4477 1390 4543 (sic)
1411 4477 1561 4542 pliciantur

422 4566 636 4630 (conclusum—
650 4566 782 4616 denticuli
795 4567 851 4629 om.)
870 4567 903 4618 Ε.
918 4563 930 4632 ll
948 4568 980 4616 23
993 4565 1083 4614 fronte
1097 4564 1185 4618 Seleu:
1204 4565 1322 4614 frontem
1336 4563 1410 4626 (-te
1421 4562 1453 4627 G)
1473 4563 1531 4617 GH.
1546 4557 1557 4625 ll

422 4652 455 4699 ’24
473 4649 611 4700 denticulo
629 4653 664 4704 10:
684 4651 759 4701 -los
779 4652 856 4702 EGH
873 4650 956 4713 (Llrlr,
975 4649 1036 4700 -lo
1054 4652 1083 4713 l0,
1101 4649 1170 4698 -lis
1188 4649 1264 4711 ceno).
1288 4644 1300 4715 ll
1322 4649 1355 4698 26
1373 4652 1558 4712 superantem

422 4735 534 4799 planum
553 4736 633 4786 ΕΘΗ
653 4736 774 4800 (tertium
793 4740 951 4800 tympanum
969 4736 1029 4787 add.
1048 4734 1104 4787 loc.
1123 4741 1182 4783 ante
1200 4732 1332 4799 planum).
1362 4732 1396 4794 of.
1413 4749 1440 4798 p.
1458 4735 1558 4790 mac.
