3784 5625
295 407 388 680 b

366 825 481 908 gillum
506 825 744 909 ungulamque,
769 846 832 909 qua
854 825 984 909 virgula
1007 826 1176 909 egrediens
1200 826 1344 910 sigillum
1367 830 1511 894 ostendit

367 930 477 1008 horas,
513 928 660 991 oolumna
689 927 848 990 versando
883 928 1087 996 continenter
1121 929 1171 990 sui
1199 929 1355 1013 cuiusque
1389 933 1510 994 mensis

368 1030 545 1092 brevitates
570 1038 601 1091 et
624 1029 820 1090 crescentias
844 1027 943 1089 faeiat
965 1027 1128 1091 horarum.

330 1145 346 1192 8
452 1131 552 1192 Fiunt
580 1131 677 1192 etiam
705 1126 769 1190 alio
796 1149 916 1211 genere
942 1127 1112 1211 horologia
1140 1130 1291 1212 hiberna,
1325 1153 1407 1217 quae
1434 1155 1509 1195 ana-

366 1231 500 1317 phoriea
523 1231 675 1293 dicuntur
703 1230 979 1315 perficiunturque
1006 1231 1188 1294 rationibus
1211 1232 1273 1295 his.
1317 1232 1415 1296 horae
1444 1235 1544 1298 dis-5

365 1343 529 1419 ponuntur
552 1354 593 1394 ex
616 1330 753 1413 virgulis
776 1331 885 1393 aeneis
909 1354 951 1394 ex
972 1332 1204 1396 analemmatos
1227 1333 1446 1420 descriptione
1467 1337 1510 1398 ab

366 1444 476 1495 centro
506 1433 685 1518 dispositae
713 1433 747 1494 in
775 1431 891 1495 fronte.
937 1434 971 1494 in
1000 1455 1038 1495 ea
1066 1434 1180 1497 circuli
1214 1444 1290 1498 sunt
1318 1436 1510 1499 circumdati

364 1545 530 1598 menstrua
553 1535 658 1620 spatia
680 1534 841 1596 finientes.
885 1543 961 1620 post
982 1532 1040 1597 has
1064 1534 1210 1619 virgulas
1239 1545 1445 1623 tympanum,
1476 1540 1508 1601 in

365 1659 429 1722 quo
453 1636 638 1720 descriptus
662 1644 694 1698 et
717 1634 866 1720 depictus
890 1644 940 1698 est
961 1635 1102 1700 mundus
1131 1637 1333 1722 signiferque
1356 1638 1508 1721 eireuluS,

365 1738 607 1823 descriptioque
637 1759 677 1798 ex
707 1756 758 1799 xri
787 1735 977 1799 caelestium
1004 1739 1172 1821 signorum
1200 1739 1236 1802 fit
1263 1738 1385 1823 figura,
1417 1741 1508 1802 euius
1532 1769 1560 1811 μ)

365 1862 407 1901 ex
430 1849 540 1901 centro
564 1838 766 1901 deformatur
787 1860 886 1900 unum
900 1840 1006 1903 maius
1027 1838 1164 1903 alterum
1180 1841 1300 1903 minus.
1338 1842 1509 1927 posteriori

363 1950 474 2003 autem
497 1941 583 2026 parti
605 1949 761 2026 tympano
789 1938 897 2003 medio
926 1942 1000 2003 axis
1028 1942 1192 2005 versatilis
1221 1951 1271 2005 est
1293 1940 1436 2006 inclusus
1460 1943 1508 2006 in-

365 2064 427 2127 que
451 2063 487 2105 eo
510 2042 565 2102 axi
590 2062 690 2103 aenea
712 2040 818 2104 mollis
843 2050 956 2105 eatena
979 2052 1028 2105 est
1050 2042 1213 2125 involuta,
1238 2065 1280 2106 ex
1302 2064 1367 2128 qua
1388 2043 1508 2129 pendet

364 2166 407 2205 ox
429 2165 494 2205 una
516 2152 608 2228 parte
631 2141 755 2227 phellos
785 2143 841 2227 qui
869 2142 911 2205 ab
940 2166 1025 2229 aqua
1047 2144 1253 2225 sublevatur,
1282 2141 1384 2207 altera
1405 2165 1508 2230 aequo

329 2245 508 2331 spondere
541 2242 642 2331 phelli
675 2265 804 2306 sacoma
841 2244 1021 2308 saburrale.
1079 2247 1126 2309 ita
1150 2254 1315 2330 ¹quantum
1347 2243 1389 2306 ab
1421 2267 1507 2329 aqua
1528 2277 1558 2320 to

364 2345 489 2433 phellos
513 2345 720 2425 sublevatur,
748 2353 874 2408 tantum
903 2345 1060 2409 saburrae
1083 2345 1210 2431 pondus
1233 2346 1319 2408 infra
1341 2344 1506 2409 deducens

364 2456 474 2510 versat
495 2468 602 2527 axem,
627 2447 699 2508 axis
722 2455 829 2508 autem
852 2455 1054 2531 tympanum.
1093 2448 1184 2510 euius
1201 2448 1348 2533 tympani
1364 2448 1508 2510 versatio

363 2549 444 2612 alias
474 2548 574 2610 esfieit
603 2548 651 2610 uti
679 2549 781 2610 maior
809 2570 883 2632 pars
913 2546 1027 2610 eireuli
1055 2547 1205 2632 signiferi
1234 2546 1316 2611 alias
1344 2549 1450 2610 minor
1472 2549 1507 2611 in

364 2650 603 2714 versationibus
627 2651 694 2713 suis
717 2648 918 2735 temporibus
942 2648 1091 2732 designet
1113 2649 1264 2712 horarum
1280 2650 1507 2735 proprietates.

363 2774 503 2838 namque
527 2752 561 2814 in
583 2750 722 2834 singulis
745 2750 847 2835 signis
863 2751 914 2812 sui
930 2751 1087 2836 cuiusque
1101 2751 1223 2814 mensis
1240 2750 1365 2814 dierum
1381 2752 1507 2815 numeri
1525 2780 1558 2826 20

687 673 734 718 nn
758 671 1026 719 Anourrnorusl
1049 674 1119 720 nm.
1143 675 1190 721 rx.
1446 661 1510 726 239

364 2877 445 2918 cava
468 2864 544 2918 sunt
566 2853 725 2939 portenta,
754 2854 847 2917 euius
870 2851 975 2934 bulla,
1005 2874 1086 2937 quae
1109 2852 1185 2917 solis
1215 2853 1391 2936 imaginem
1413 2853 1505 2917 horo-

362 2956 460 3041 logiis
483 2966 592 3019 tenere
614 2954 756 3036 videtur,
781 2954 944 3037 signifieat
967 2953 1119 3018 horarum
1141 2955 1258 3039 spatia,
1293 2975 1330 3017 ea
1350 2955 1508 3036 translata

434 3285 445 3330 1
466 3297 532 3346 qua:
552 3282 617 3345 quia
637 3289 695 3331 unte
713 3298 780 3331 corr.
802 3281 830 3330 G.
847 3277 858 3347 (Ι
875 3284 890 3329 2
910 3281 1085 3330 continenter
1099 3280 1120 3330 G
1126 3298 1132 3330 ε
1152 3266 1309 3330 eontinent‘l
1329 3282 1357 3329 Il
1376 3280 1409 3342 (h,
1428 3286 1506 3329 -tur

362 3366 398 3429 e).
411 3362 423 3431 ΙΙ
436 3367 477 3415 sui
492 3366 623 3430 cuiusque
637 3367 738 3416 mensis
750 3382 796 3429 epo
810 3365 855 3428 (cf.
866 3383 887 3418 υ,
901 3365 959 3429 20);
974 3366 1031 3414 suis
1045 3366 1151 3430 cuiusq3
1166 3364 1236 3429 (-q²
1251 3365 1282 3430 G)
1297 3363 1504 3430 mensib3t1'H.ll

362 3450 485 3499 3seeiat
503 3451 574 3500 loa:
595 3449 697 3501 facer&
715 3449 840 3515 (·-et.G)
861 3450 919 3500 GH.
943 3446 955 3514 ll
982 3450 1168 3514 tanaporica
1188 3449 1247 3502 GH.
1270 3445 1282 3516 ΙΙ
1312 3446 1505 3513 oplioiunt²q²

362 3535 399 3583 L:
427 3533 615 3599 phciunt]que
635 3536 668 3593 G,
691 3533 898 3598 pfieiuntq31H
917 3531 971 3597 (le).
998 3531 1010 3598 Ι(
1034 3535 1163 3584 baensis
1186 3534 1213 3582 ΙΙ
1230 3534 1313 3598 (Llelr
1342 3536 1420 3584 aenis
1440 3535 1469 3586 (ι’.
1491 3533 1504 3600 Ι(

363 3619 575 3668 analemmatos:
608 3621 645 3668 sie
670 3621 727 3669 GH.
756 3616 767 3684 (1
795 3620 829 3668 ab
855 3624 962 3668 centro:
994 3621 1031 3668 sie
1059 3619 1116 3670 GH.
1144 3616 1156 3683 ΙΙ
1185 3621 1201 3668 8
1224 3624 1381 3685 tympanum
1408 3619 1525 3681 inquoz‘

360 3706 400 3753 ric
421 3703 479 3751 GH.
503 3697 514 3765 (Ι
537 3704 552 3750 9
576 3706 617 3750 est
641 3702 665 3763 (e
685 3704 729 3766 G):
756 3706 793 3751 sie
813 3703 871 3752 GH.
895 3699 906 3769 ΙΙ
936 3705 967 3752 10
985 3703 1163 3767 descriptioq3
1186 3719 1219 3752 ex
1243 3703 1329 3755 ,XII.:
1352 3706 1390 3753 sie
1414 3702 1471 3752 GH.
1492 3700 1504 3766 ll

361 3789 504 3851 signorum
523 3783 553 3834 fit
571 3783 659 3848 figura
677 3802 735 3850 epo:
760 3786 899 3849 signorum
918 3785 948 3835 fit
966 3786 1015 3849 (sit
1034 3786 1067 3842 G,
1089 3801 1136 3835 om.
1156 3785 1196 3849 ch)
1216 3785 1335 3850 figurata
1355 3786 1413 3837 GH.
1438 3782 1450 3851 Ι(
1475 3789 1505 3836 11

363 3888 398 3921 ex
419 3868 445 3932 (e
463 3868 546 3929 luel:
566 3866 588 3918 du
602 3868 641 3931 (et
655 3868 685 3931 G)
701 3869 760 3918 GH.
777 3865 789 3934 Η
806 3869 975 3919 deformatur
991 3871 1061 3923 Jou:
1081 3871 1244 3922 deformatio
1264 3870 1332 3931 (unii
1345 3872 1433 3919 maius
1445 3871 1506 3929 ete.)

364 3956 424 4005 Gll.
445 3949 458 4018 fl
479 3952 583 4017 posteri
602 3956 666 4002 aute
684 3959 743 4002 ante
761 3968 829 4005 corr.
850 3952 947 4018 (—ori)
968 3955 997 4007 G.
1020 3951 1032 4019 ΙΙ
1057 3957 1087 4002 12
1105 3954 1179 4020 parti
1197 3954 1227 4001 H
1245 3949 1327 4015 (Llclz
1346 3958 1425 4016 parte
1446 3952 1503 4017 (1.1(

363 4041 421 4103 inq>
443 4053 475 4088 eo
491 4038 524 4087 G:
544 4037 644 4100 inquae
664 4052 697 4086 eo
715 4037 747 4085 H
754 4034 803 4099 (eh,
822 4037 904 4102 inque
924 4041 988 4101 eol,
1007 4039 1091 4102 inqua
1104 4054 1136 4088 eo
1150 4037 1193 4098 L).
1209 4031 1221 4100 1(
1240 4039 1271 4086 13
1284 4036 1342 4084 axi:
1360 4038 1398 4084 sic
1412 4037 1469 4084 GH.
1491 4033 1504 4100 ΙΙ

363 4139 397 4174 ex
417 4138 483 4187 qua:
504 4138 537 4172 ex
556 4136 628 4185 aqua
647 4116 708 4185 1,.11
728 4119 832 4185 pendes
849 4127 880 4179 lc,
899 4121 1000 4170 -dens
1018 4123 1042 4173 h.
1065 4117 1077 4187 ΙΙ
1102 4124 1133 4171 14
1151 4120 1270 4185 phellos,
1291 4120 1336 4183 qui
1354 4135 1401 4182 epo
1420 4117 1466 4183 (cs.
1478 4137 1504 4185 p.

363 4210 427 4267 238,
447 4208 488 4269 ll:
509 4205 616 4271 phellos
635 4205 693 4255 sive
712 4209 869 4270 tympanum
888 4206 934 4267 qui
955 4206 1007 4254 Gll
1024 4204 1107 4268 (quod
1126 4203 1189 4267 ed).
1216 4202 1227 4270 ΙΙ
1251 4205 1334 4268 abaq⁷
1355 4211 1414 4254 ante
1436 4220 1504 4257 corr.

366 4291 395 4341 G.
421 4287 433 4357 ΙΙ
456 4291 544 4341 altera
562 4287 608 4354 (ex
628 4288 718 4339 altera
735 4289 820 4352 duel:
850 4289 936 4338 altero
957 4289 1015 4339 GH.
1041 4286 1053 4354 ll
1076 4289 1106 4338 15
1125 4287 1213 4353 phelli
1230 4303 1343 4337 sacoma
1361 4288 1505 4338 saburrale

362 4377 432 4429 dou:
452 4375 552 4441 phellis
563 4390 674 4424 sacoma
687 4373 824 4423 saburrali
838 4374 866 4442 G,
877 4370 1171 4437 phellisaoomasaburl
1179 4372 1232 4422 rali
1244 4373 1275 4422 H
1284 4370 1395 4438 (phellis
1409 4387 1505 4423 uooma

364 4461 503 4510 saburrali
522 4461 552 4518 L,
572 4459 723 4509 -brumali
741 4458 784 4522 lc).
807 4455 819 4523 (Ι
845 4460 875 4508 18
893 4457 967 4521 signi
985 4456 1045 4504 fieri
1063 4457 1092 4505 Il
1109 4456 1205 4519 (solus).
1230 4454 1241 4523 (Ι
1262 4459 1350 4508 minor
1366 4459 1436 4509 doe:
1457 4459 1504 4507 mi·

365 4561 416 4607 uus
436 4546 494 4596 GH.
517 4542 529 4609 1(
557 4527 594 4594 19'
604 4544 741 4594 honorarii
759 4544 790 4592 Η
811 4543 835 4605 (c
857 4548 882 4590 et
904 4548 964 4590 onte
986 4556 1056 4593 corr.
1074 4543 1093 4599 1,
1117 4543 1164 4591 sed
1186 4540 1312 4591 horarum
1336 4542 1470 4606 11:611).
1491 4542 1503 4608 (Ι

364 4631 397 4679 20
416 4629 459 4679 sui
477 4630 607 4692 cuiusque
626 4630 682 4680 ed:
700 4627 744 4676 sui
761 4641 848 4689 usque
867 4625 923 4690 (sui
941 4639 1028 4688 usque
1046 4625 1082 4682 II,
1101 4620 1224 4689 sullam>
1247 4627 1278 4690 G)
1298 4628 1357 4680 GH.
1381 4626 1393 4693 ΙΙ
1414 4630 1446 4676 22
1465 4629 1504 4677 vi-

365 4711 462 4762 dentur
480 4715 509 4762 le.
535 4709 547 4778 l}
569 4712 710 4777 signifieat
727 4727 774 4763 om.
795 4711 816 4761 G
834 4709 892 4775 (sed
908 4711 934 4760 ia
951 4725 1031 4773 marg.
1049 4712 1133 4774 suppl.
1154 4709 1207 4772 Gc).
