3784 5625
443 660 503 724 142
932 671 1088 722 virunvu

440 831 599 917 quinque,
629 850 669 891 ex
692 827 743 892 his
767 826 851 890 duae
873 826 999 892 tablino
1022 826 1271 891 constituantur.
1315 826 1484 889 nonenim
1501 829 1584 890 atria

439 934 565 995 minora
592 929 633 993 ab
661 930 837 993 maioribus
861 929 992 993 easdem
1014 936 1151 1013 possunt
1177 925 1298 990 habere
1312 929 1582 1012 symmetriarum

438 1034 590 1097 rationes.
636 1033 663 1095 si
686 1032 772 1094 enirn
794 1031 952 1094 maiorum
975 1029 1174 1117 symmetriis
1196 1037 1326 1092 utemur
1339 1029 1375 1091 in
1389 1030 1583 1114 minoribus,

439 1155 544 1220 neque
571 1131 695 1197 tablina
728 1154 834 1219 neque
866 1130 937 1194 alae
971 1131 1147 1195 utilitatem
1179 1139 1332 1217 poterunt
1358 1129 1499 1213 habere,
1533 1134 1584 1196 sin

405 1243 547 1300 sautem
575 1236 735 1298 minorum
762 1235 797 1297 in
825 1232 1003 1297 maioribus
1031 1242 1176 1315 utemur,
1205 1242 1300 1296 vasta
1328 1232 1527 1297 etiumania
1549 1236 1582 1298 in

437 1338 488 1402 his
513 1359 551 1401 ea
578 1345 672 1400 erunt
699 1334 855 1399 membra.
900 1336 1011 1420 itaque
1038 1338 1219 1420 generatim
1245 1334 1512 1420 magnitudinum
1533 1359 1582 1400 ra·

438 1439 541 1502 tiones
566 1438 746 1523 exquisitas
770 1446 801 1500 et
822 1434 959 1500 utilitati
980 1445 1011 1500 et
1025 1436 1172 1522 aspectui
1187 1435 1440 1500 conscribendas
1456 1440 1581 1523 putavi.

438 1538 577 1604 altitudo
596 1537 717 1603 tablini
739 1537 781 1600 ad
803 1537 931 1601 trabem
953 1537 1082 1601 adiecta
1110 1535 1294 1602 latitudinis
1323 1547 1441 1603 octava
1463 1542 1613 1604 consti-u

438 1650 558 1705 tuatur.
603 1638 767 1703 lacunaria
796 1639 865 1703 eius
894 1640 993 1704 tertia
1020 1637 1202 1702 latitudinis
1229 1639 1272 1702 ad
1294 1637 1504 1703 altitudinem
1525 1642 1582 1704 ad-

389 1757 420 1804 10
438 1743 522 1806 iecta
545 1740 752 1806 extollantur.
797 1741 909 1805 fauces
932 1740 1113 1804 minoribus
1135 1740 1228 1803 atriis
1244 1762 1262 1803 e
1277 1738 1394 1804 tablini
1409 1738 1582 1806 latitudine

439 1843 571 1930 dempta
598 1844 711 1924 tertia,
746 1842 923 1907 maioribus
958 1839 1096 1906 dimidia
1123 1842 1372 1907 constituantur.
1422 1844 1580 1929 imagines

437 1947 516 2009 item
543 1943 608 2008 alte
636 1967 710 2007 cum
738 1945 804 2008 suis
834 1944 1032 2007 ornamentis
1059 1942 1101 2005 ad
1129 1942 1338 2007 latitudinem
1365 1943 1490 2010 alarum
1517 1948 1581 2009 sint

437 2046 643 2110 constitutae.

520 2148 728 2212 Latitudines
757 2146 863 2212 forum
890 2147 932 2210 ad
959 2146 1167 2212 altitudinem
1195 2148 1223 2211 si
1251 2146 1382 2212 doricae
1411 2158 1506 2212 erunt
1533 2151 1579 2214 uti

388 2265 419 2312 15
437 2250 583 2332 doricae,
613 2251 642 2314 si
663 2250 790 2313 ionicae
819 2257 913 2313 erunt
942 2249 991 2313 uti
1020 2250 1145 2314 ionicae
1172 2248 1397 2334 perficiantur,
1427 2249 1577 2335 quemad-

436 2351 568 2415 modum
590 2352 631 2414 do
653 2350 847 2438 thyromatis
869 2352 909 2414 in·
926 2360 1042 2436 quarto
1064 2350 1148 2414 libro
1163 2353 1304 2415 rationes
1319 2353 1577 2435 symmetriarum

437 2463 512 2517 sunt
536 2454 714 2545 expositae.
760 2451 937 2538 compluvii
967 2451 1077 2515 lumen
1103 2451 1205 2515 latum
1233 2450 1419 2516 latitudinis
1441 2455 1518 2518 atrii
1538 2461 1602 2517 ne'

436 2555 543 2618 minus
567 2565 692 2639 quarta,
716 2576 757 2617 ne
779 2554 852 2640 plus
875 2555 973 2618 tertia
995 2562 1088 2640 parte
1109 2552 1322 2638 relinquatur,
1346 2551 1517 2638 longitudo
1532 2557 1577 2619 uti

436 2656 511 2718 atrii
534 2677 591 2741 pro
614 2665 684 2720 rata
706 2664 798 2742 parte
821 2654 886 2719 fiat.

385 2773 418 2821 20
520 2755 695 2843 Peristylia
717 2766 825 2821 autem
848 2758 882 2820 in
903 2766 1092 2823 transverso
1113 2758 1211 2823 tertia
1231 2766 1324 2845 parte
1345 2755 1494 2842 longiora
1515 2759 1607 2822 sintt

437 2879 533 2943 quam
562 2859 740 2940 introrsus,
775 2857 941 2922 columnae
974 2868 1042 2922 tam
1076 2858 1161 2924 altae
1194 2881 1291 2945 quam
1320 2861 1467 2947 porticus
1496 2859 1577 2923 latae

435 2959 567 3023 luerint.
611 2958 855 3047 peristyliorum
877 2960 1124 3025 intercolumnia
1139 2983 1180 3024 ne
1194 2962 1301 3025 minus
1315 2963 1427 3043 trium,
1451 2983 1493 3024 ne
1506 2960 1577 3047 plus

436 3071 588 3147 quattuor
609 3060 829 3126 columnarum
853 3063 1069 3127 crassitudine
1091 3065 1176 3126 inter
1191 3084 1226 3126 se
1241 3060 1373 3127 distent.
1404 3064 1577 3127 sinautem

435 3163 546 3228 dorico
573 3185 662 3228 more
690 3165 724 3229 in
746 3163 917 3251 peristylio
940 3164 1108 3228 columnae
1136 3173 1231 3228 erunt
1258 3163 1446 3248 faciundae,
1475 3166 1524 3229 uti
1544 3166 1578 3229 in

504 3374 517 3420 1
538 3372 655 3436 quinque
675 3387 722 3420 ext
748 3373 787 3421 sie
807 3372 864 3423 GH.
886 3368 899 3437 ll
923 3372 994 3421 duae
1012 3373 1082 3424 dou:
1110 3372 1162 3422 duo
1182 3372 1240 3426 GH.
1266 3368 1278 3437 {l
1300 3372 1514 3422 constituantur:
1541 3374 1577 3422 sio

437 3457 495 3507 GH.
513 3453 525 3522 ΙΙ
540 3459 556 3505 2
569 3456 676 3505 minora
695 3456 746 3505 GH
757 3453 811 3520 (LI,
831 3457 934 3506 minore
953 3457 992 3513 cli,
1009 3458 1058 3506 sed
1075 3458 1129 3505 atri
1147 3458 1269 3525 aminore
1287 3463 1347 3506 unte
1364 3473 1434 3506 corr.
1452 3452 1525 3524 L).'ss
1541 3459 1576 3507 ab

436 3540 587 3590 maioribus
607 3536 636 3604 (a
647 3555 683 3592 m.
696 3539 763 3605 ed.):
787 3540 822 3591 ad
839 3541 990 3591 maioribus
1008 3542 1037 3591 H
1050 3536 1096 3606 ([u]
1117 3544 1148 3604 le,
1165 3539 1334 3605 {maioribus
1351 3557 1399 3596 om.
1418 3557 1436 3590 a
1458 3543 1509 3607 L),
1529 3543 1576 3592 ad-

435 3624 554 3674 maiores
574 3623 596 3673 θ
614 3620 672 3686 (sed
690 3624 724 3674 6⁶
740 3627 766 3674 in
783 3642 861 3692 musy.
881 3628 893 3675 ῑ
912 3621 1107 3691 almaioribl).
1131 3622 1143 3692 ΙΙ
1171 3629 1186 3676 3
1204 3626 1337 3676 maiorum
1355 3621 1448 3690 (Joc.):
1467 3629 1577 3679 maiori·

435 3708 487 3758 bus
506 3708 564 3758 GH.
581 3703 593 3774 ΙΙ
609 3713 716 3758 utemur
733 3709 762 3758 H
780 3707 863 3775 (Llc):
882 3718 992 3761 utamur
1011 3711 1040 3761 G.
1057 3705 1069 3777 ΙΙ
1089 3712 1106 3759 4
1124 3709 1230 3760 tablina
1241 3711 1310 3761 doc:
1330 3708 1437 3759 tablino
1455 3712 1486 3760 H
1497 3710 1577 3778 (Llc),

434 3792 534 3842 tablini
556 3793 584 3842 G.
609 3790 622 3860 ΙΙ
649 3795 773 3844 8tabem
796 3802 856 3844 ante
878 3812 948 3849 corr.
971 3797 1008 3846 H.
1036 3791 1049 3862 [Ι
1078 3794 1188 3845 adiecta
1210 3795 1262 3844 ch
1292 3794 1401 3846 abiecta
1424 3794 1477 3845 GH
1501 3794 1535 3860 (lo
1551 3804 1577 3846 et

432 3887 493 3929 aute
511 3894 580 3929 corr.
598 3878 643 3939 L).
668 3874 718 3949 {1¹9
737 3879 796 3929 eius
815 3880 843 3929 H
861 3879 946 3945 (Νῶε
970 3881 997 3931 ei
1016 3881 1038 3931 θ
1059 3881 1120 3945 (sed
1137 3879 1171 3930 6⁶
1192 3881 1218 3928 ia
1235 3895 1315 3944 marg.
1337 3880 1350 3928 ἰ
1373 3878 1403 3929 al
1421 3876 1487 3945 erl).
1510 3877 1522 3947 ΙΙ
1545 3884 1578 3932 10

435 3979 449 4013 e
468 3963 583 4014 tablini:
602 3961 725 4013 &ablinii
742 3964 771 4013 H
788 3962 871 4029 (Luc,
890 3967 962 4015 -mi
979 3973 1039 4016 ante
1056 3981 1126 4018 corr.
1144 3981 1166 4022 e,
1184 3963 1208 4014 b
1226 3965 1261 4014 ab
1277 3963 1282 4028 Ι
1297 3964 1355 4014 limi
1372 3964 1408 4027 Ιι),
1429 3971 1459 4015 et
1475 3966 1577 4016 tablini

435 4049 464 4098 G.
487 4044 499 4114 [Ι
524 4051 554 4098 11
574 4048 777 4098 constituantur
796 4050 830 4102 G:
848 4054 947 4099 —atur
965 4052 993 4100 H
1012 4048 1091 4114 (Llc).
1115 4045 1127 4116 ΙΙ
1151 4051 1182 4098 12
1201 4049 1265 4098 item
1283 4050 1353 4102 dou:
1376 4050 1418 4100 ita
1438 4050 1499 4102 GH.
1516 4048 1578 4116 1114

433 4134 521 4182 forum
539 4148 586 4198 epo
611 4129 752 4195 (ostiorum
776 4133 858 4196 Joc.):
891 4150 985 4184 eorum
1009 4135 1067 4187 GH.
1096 4130 1108 4200 11
1136 4133 1277 4207 dorica..
1293 4171 1299 4182 .
1317 4133 1413 4184 dorica
1507 4137 1578 4186 ioni-

433 4233 468 4266 ca
485 4254 492 4267 .
507 4256 514 4270 .
529 4256 534 4266 .
552 4217 645 4267 ionica
669 4219 727 4268 GH.
753 4216 765 4285 ΙΙ
791 4221 823 4269 16
846 4218 1060 4282 tylidlromatis
1083 4219 1141 4271 GH.
1168 4216 1180 4284 [Ι
1206 4221 1236 4268 in
1258 4223 1356 4283 quarto
1378 4235 1439 4272 nos:
1463 4221 1493 4269 iu
1515 4221 1578 4284 qui·

433 4301 484 4351 bus
512 4308 611 4366 quarto
642 4303 702 4353 GH.
730 4299 742 4368 ll
772 4304 802 4353 lt
830 4303 973 4369 eonpluuu
1005 4305 1027 4354 G
1053 4304 1113 4367 (Llr
1149 4303 1269 4369 conpluu
1299 4304 1327 4353 H
1357 4303 1503 4369 (conpluur
1535 4306 1577 4364 cb,

434 4385 546 4451 conplur
569 4386 597 4449 l).
622 4383 634 4453 ΙΙ
661 4386 716 4437 lum
732 4387 736 4450 Ι
752 4386 909 4438 latitudinis
936 4386 995 4450 (om.
1019 4386 1116 4450 latum)
1141 4388 1162 4437 G
1185 4384 1283 4450 (sulus).
1310 4385 1323 4453 ΙΙ
1354 4391 1388 4439 20
1409 4389 1518 4453 piutilia
1540 4389 1577 4439 G:

432 4471 568 4536 peristyla
594 4473 622 4521 H
646 4471 692 4536 (L,
716 4473 849 4537 peryatila
867 4477 887 4535 1,
909 4473 1057 4538 perystilia
1074 4473 1125 4536 cb).
1147 4469 1159 4539 ΙΙ
1181 4475 1213 4522 21
1234 4471 1366 4537 Columna
1388 4479 1446 4523 tam
1465 4475 1520 4540 alte
1538 4474 1576 4524 G:

433 4553 579 4617 columna!
595 4557 741 4607 &amaltae
760 4558 789 4607 H
807 4559 920 4621 (coldus
932 4596 938 4608 .
951 4557 1032 4608 &tam
1049 4558 1110 4607 alta
1121 4557 1153 4615 L,
1173 4557 1302 4608 columna
1319 4557 1401 4606 &iarn
1419 4559 1477 4626 alte
1494 4563 1504 4609 l
1514 4557 1576 4624 Μ,

432 4639 559 4689 columna
577 4641 607 4690 ct
629 4658 676 4692 am.
697 4643 782 4693 uerbis
804 4648 861 4692 tam
884 4644 1087 4694 altae—inter
1110 4642 1268 4705 columnia).
1289 4639 1301 4708 ΙΙ
1325 4640 1453 4706 potilcua
1477 4643 1499 4694 ⁶
1519 4640 1576 4707 (so-

431 4722 489 4788 las).
513 4721 525 4790 Η
548 4727 581 4774 24
598 4726 731 4791 peristylo
750 4728 808 4781 GH.
832 4725 844 4795 ΙΙ
867 4728 1031 4778 faciundae:
1049 4731 1088 4778 sic
1106 4729 1165 4782 GH.
