3784 5625
688 678 735 723 na
758 677 1025 725 memmerunt
1048 680 1117 726 nm.
1141 681 1177 727 11.
1463 668 1506 731 49

329 846 345 892 9
448 828 500 892 De
512 829 667 908 latericiis
681 852 759 896 vero
772 829 947 895 dummodo
962 832 1005 895 ad
1020 832 1288 918 perpendiculum
1301 835 1367 899 sint
1382 843 1505 900 stantes

361 929 446 994 nihil
474 930 663 1014 deducitur,
698 931 756 995 sed
789 935 902 1017 quanti
935 931 1060 998 fuerint
1088 933 1165 999 olim
1192 932 1288 1018 facti,
1323 938 1407 1000 tanti
1435 958 1505 999 esse

362 1053 490 1117 semper
511 1034 734 1097 aestimantur.
778 1034 889 1119 itaque
916 1034 1080 1100 nonnullis
1108 1036 1299 1101 civitatibus
1322 1046 1354 1099 et
1375 1036 1506 1122 publica

362 1154 461 1219 opera
483 1144 515 1197 et
537 1136 683 1221 privatas
712 1134 823 1199 domos
854 1137 951 1199 etiam
973 1138 1081 1221 regias
1105 1158 1122 1199 e
1145 1137 1245 1201 latere
1268 1147 1406 1203 structas
1430 1136 1506 1202 licet

362 1234 486 1316 videre,
510 1246 542 1299 et
564 1238 704 1322 primum
719 1236 860 1301 Athenis
882 1250 1011 1300 murum
1034 1238 1090 1323 qui
1112 1249 1237 1324 spectat
1252 1238 1296 1302 ad
1310 1238 1505 1325 Hymettum
1523 1253 1539 1300 5

363 1347 505 1402 montem
527 1347 560 1403 et
581 1336 824 1421 Pentelensem,
852 1338 931 1403 item
944 1331 1060 1402 Patris
1089 1340 1124 1401 in
1150 1339 1231 1403 aede
1253 1340 1344 1405 Iovis
1367 1350 1400 1405 et
1421 1340 1505 1404 Her-

363 1439 445 1502 culis
473 1438 634 1503 latericias
664 1438 780 1522 cellas,
813 1461 886 1502 cum
916 1442 1002 1504 circa
1029 1439 1159 1525 lapidea
1186 1442 1221 1503 in
1247 1441 1329 1505 aede
1352 1441 1505 1529 epistylia

362 1542 428 1604 sint
450 1551 482 1604 et
505 1540 688 1625 columnae,
711 1542 745 1604 in
768 1540 865 1605 ltalia
886 1542 1018 1606 Arretio
1041 1551 1207 1618 vetustum
1229 1544 1360 1629 egregie
1382 1543 1504 1607 factum

361 1665 506 1724 murum,
536 1641 702 1707 Trallibus
726 1642 857 1706 domum
883 1644 1017 1728 regibus
1039 1643 1194 1707 Attalicis
1216 1643 1336 1708 saetam
1359 1667 1441 1731 quae
1462 1645 1505 1709 ad

361 1742 576 1808 habitandum
598 1766 724 1831 semper
746 1744 843 1809 datur
865 1746 896 1809 ei
924 1746 981 1830 qui
1003 1746 1152 1809 civitatis¹
1170 1746 1255 1830 gerit
1277 1747 1504 1811 sacerdotium.
1524 1761 1556 1808 10

361 1847 440 1908 item
467 1846 712 1911 Lacedaemone
746 1868 764 1909 e
792 1844 988 1932 quibusdam
1021 1846 1200 1933 parietibus
1224 1848 1333 1912 >etiam
1359 1850 1505 1934 picturae

362 1948 492 2010 excisae
518 1950 703 2013 intersectis
731 1946 887 2012 lateribus
916 1947 1062 2017 inclusae
1091 1957 1166 2013 sunt
1193 1950 1228 2011 in
1241 1948 1368 2034 'ligneis
1391 1948 1505 2014 formis

361 2058 393 2111 et
415 2050 450 2111 in
472 2050 640 2113 comitium
667 2049 709 2113 ad
737 2058 886 2113 ornatum
913 2049 1092 2115 aedilitatis
1114 2051 1271 2115 Varronis
1296 2061 1328 2115 et
1349 2051 1506 2115 Murenae

312 2150 494 2214 latuerunt
516 2150 655 2215 adlatae.
686 2151 814 2215 Croesi
842 2150 973 2234 domus,
1002 2174 1098 2237 quam
1126 2152 1278 2218 Sardiani
1306 2151 1435 2230 civibus
1462 2152 1505 2215 ad

359 2254 627 2337 requiescendum
649 2254 765 2317 aetatis
788 2255 864 2335 otio,
888 2254 1052 2317 seniorum
1076 2252 1212 2339 collegio
1234 2254 1398 2337 gerusiam
1413 2252 1505 2316 dedi·
1525 2267 1556 2314 15

361 2365 527 2419 caverunt.
571 2358 651 2419 item
672 2353 905 2419 Halicarnasso
933 2355 1153 2439 potentissimi
1175 2355 1263 2438 regis
1285 2353 1427 2417 Mausoli
1449 2351 1505 2417 do-

359 2480 432 2520 mus
449 2478 522 2520 curn
537 2457 754 2523 Proconnesio
770 2477 929 2520 marmore
944 2456 1052 2519 omnia
1067 2454 1202 2518 haberet
1218 2464 1341 2537 ornata,
1363 2454 1505 2540 parietes

360 2557 459 2623 habet
480 2557 581 2623 latere
603 2568 755 2640 structos,
779 2558 836 2643 qui
857 2557 899 2619 ad
921 2557 983 2621 hoc
1003 2566 1131 2644 tempus
1154 2557 1318 2641 egregiam
1339 2564 1508 2641 praestant

359 2660 548 2724 firmitatem
576 2662 622 2725 ita
650 2659 794 2724 tectoriis
823 2658 976 2746 operibus
1000 2658 1138 2744 expoliti
1158 2658 1208 2722 uti
1229 2657 1309 2721 vitri
1330 2656 1505 2743 perlucidi-

359 2770 461 2826 tatem
488 2760 662 2826 videantur
688 2761 820 2826 habere.
870 2783 976 2849 neque
1002 2762 1030 2824 is
1058 2782 1119 2825 rex
1145 2760 1187 2825 ab
1215 2760 1325 2850 inopia
1353 2758 1388 2822 id
1415 2758 1556 2826 fecitte

359 2862 497 2927 infinitis
520 2866 607 2928 enim
629 2863 847 2948 vectigalibus
865 2874 933 2928 erat
948 2863 1066 2945 fartus,
1090 2861 1177 2948 quod
1191 2862 1373 2949 imperabat
1388 2862 1504 2927 Cariae

313 2976 341 3022 11
360 2967 432 3030 toti.
463 2984 600 3030 acumen
614 2976 724 3030 autern
741 2968 809 3030 cius
826 2975 858 3029 et
873 2964 1051 3030 sollertiam
1075 2965 1119 3027 ad
1133 2963 1283 3027 aedificia
1296 2964 1442 3050 paranda
1456 2965 1504 3026 sic

360 3065 436 3130 licet
463 3067 680 3133 considerare.
725 3090 799 3132 cum
826 3077 912 3132 esset
940 3068 1026 3130 enim
1053 3076 1148 3130 natus
1175 3064 1314 3152 Mylasis
1343 3075 1375 3129 et
1402 3067 1503 3129 anim-

359 3164 556 3235 advertisset
571 3169 804 3234 Halicarnasso
826 3169 933 3234 locum
954 3167 1145 3233 naturaliter
1167 3188 1239 3231 esse
1257 3168 1419 3230 munitum
1438 3187 1501 3229 em·

358 3271 549 3356 poriumque
571 3270 723 3336 idoneum
745 3282 873 3358 portum
888 3269 1013 3354 utilem,
1035 3269 1084 3333 ibi
1098 3269 1163 3334 sibi
1178 3269 1309 3334 domum
1324 3268 1503 3332 constituit.
1522 3280 1556 3328 25

359 3373 387 3435 is
409 3380 518 3436 autem
540 3373 630 3438 locus
652 3383 702 3437 est
723 3373 850 3447 theatri,
866 3381 1058 3437 curvaturae
1078 3370 1208 3436 similis.
1251 3371 1361 3457 itaque
1381 3371 1418 3433 in
1438 3370 1504 3434 imo

359 3474 539 3538 secundum
560 3485 688 3561 portum
709 3475 816 3540 iorum
838 3485 887 3539 est
909 3476 1131 3539 constitutum.
1164 3495 1226 3559 per
1236 3471 1382 3535 ‘mediam
1396 3480 1504 3536 autem

360 3574 544 3641 altitudinis
573 3587 781 3643 curvaturam
809 3578 1148 3663 praecinctionemque
1174 3572 1410 3661 platea'ampla
1431 3572 1504 3636 lati-

431 3768 444 3814 1
462 3766 688 3832 prependiculum
706 3774 765 3816 ante
784 3783 852 3821 corr.
873 3768 902 3816 G.
926 3763 939 3832 Η
962 3765 1136 3830 5hymectu'1
1154 3764 1185 3814 H
1203 3762 1284 3828 (Ltc),
1302 3764 1432 3812 hrmettni
1446 3763 1474 3812 G.
1489 3760 1502 3826 Η

360 3850 592 3902 6Pentelensem
609 3852 679 3903 loa:
699 3851 883 3901 tentelensem
902 3852 961 3901 GH.
986 3848 997 3916 Η
1020 3849 1114 3902 Patris
1134 3850 1189 3899 Gal.
1215 3847 1262 3911 (ex
1279 3849 1345 3898 Ptin.
1366 3845 1505 3911 35,172):

359 3936 455 4000 paries
475 3935 533 3986 011.
554 3932 566 4002 Η
589 3939 603 3986 7
622 3934 735 4000 lapidea
751 3938 807 3988 ed:
826 3935 955 3999 lapideae
974 3936 1003 3983 H
1021 3933 1126 3997 (-daee
1144 3933 1178 3997 L,
1199 3931 1250 3997 dee
1268 3932 1296 3995 l),
1315 3929 1426 3995 lapidee
1446 3930 1474 3982 G.
1491 3923 1504 3994 Η

361 4021 377 4068 8
396 4019 498 4070 arretio
519 4021 583 4070 GH:
602 4020 706 4070 Arretii
723 4020 789 4070 Ptil.
814 4017 825 4085 Η
849 4023 864 4069 9
883 4020 1002 4070 tralibus
1022 4019 1080 4070 GH.
1104 4013 1116 4083 Η
1139 4015 1247 4065 domum
1261 4015 1422 4066 ...tactam
1433 4014 1503 4064 loa:

360 4101 456 4152 domus
544 4105 622 4154 facta
643 4105 700 4154 GH.
724 4099 736 4168 Η
761 4105 791 4153 13
810 4119 936 4168 murrone
957 4104 987 4155 G.
1011 4099 1023 4169 Η
1044 4104 1076 4152 14
1094 4101 1184 4152 craesi
1206 4107 1265 4150 ante
1288 4114 1357 4149 corr.
1378 4098 1408 4147 G.
1430 4093 1446 4163 Η
1473 4098 1505 4146 15

361 4187 417 4236 otio
444 4188 475 4235 H
500 4187 591 4251 (Llolz‘
615 4194 677 4238 octo
706 4187 727 4238 G
755 4188 813 4250 (sed
837 4190 863 4237 in
889 4205 970 4253 marg.
999 4187 1065 4238 Get
1091 4185 1122 4235 al
1139 4184 1219 4248 otiu).
1247 4180 1259 4249 Η
1281 4181 1441 4248 lgerusiam:
1468 4183 1506 4231 aie

363 4270 422 4319 GH.
446 4267 458 4335 Η
482 4272 513 4320 16
532 4272 733 4322 helicarnassio
757 4279 816 4321 onte
838 4288 906 4324 corr.
929 4272 964 4329 G,
988 4271 1161 4321 alicarnasso
1179 4269 1208 4317 H
1230 4265 1354 4331 (leilc):
1377 4261 1505 4316 Halicar-

361 4354 438 4404 nassi
457 4357 509 4417 ed„
528 4363 555 4404 ut
572 4358 644 4420 infra
661 4374 683 4406 a.
702 4358 746 4406 24.
770 4352 782 4420 Η
808 4355 1020 4420 potentissimae
1038 4355 1074 4403 H.
1099 4350 1111 4418 Η
1135 4356 1166 4403 17
1189 4353 1390 4417 proconnensio
1409 4351 1469 4401 GH.
1489 4347 1502 4414 Η

362 4442 394 4490 19
411 4438 569 4504 pliciditatc
592 4449 651 4491 ante
674 4457 743 4493 corr.
764 4440 793 4489 (ι’.
817 4436 829 4505 Η
853 4442 884 4488 ⁸21
908 4437 1024 4487 infinitis
1042 4441 1098 4490 ed:
1121 4436 1266 4486 ininfinitis
1280 4437 1338 4486 GH.
1362 4431 1375 4500 Η
1397 4436 1431 4484 ‘23
1449 4450 1506 4498 my-

361 4546 439 4613 lastis
466 4564 526 4607 ante
553 4575 621 4610 corr.
650 4560 679 4608 H
702 4557 828 4621 (mylasis
855 4553 970 4619 Mle),
999 4554 1114 4620 mylasis
1144 4556 1165 4605 G
1187 4553 1247 4619 (sed
1268 4521 1341 4622 —sls
1362 4551 1416 4618 6⁶).
1439 4548 1506 4618 {124

362 4641 536 4693 alicarnasso
557 4643 647 4692 iterum
672 4643 730 4692 GH.
758 4640 770 4709 Η
798 4642 861 4692 locu
887 4641 921 4692 G:
949 4639 1009 4691 loco
1033 4655 1094 4690 cum
1117 4641 1146 4690 H
1168 4636 1247 4707 (Llc).
1276 4635 1288 4707 Η
1315 4639 1349 4689 25
1371 4636 1439 4686 utile
1460 4637 1505 4685 ct:

360 4716 434 4778 uult
453 4728 504 4776 GH
523 4723 588 4792 (Le).

396 4826 512 4864 virsuv.
531 4827 566 4860 na
585 4826 697 4862 ancum.
1281 4807 1303 4868 4
