3784 5625
376 665 418 729 32
868 669 1025 719 vrrauvn

377 834 453 897 tatis
487 825 708 915 amplissimae
741 826 879 907 moenia,
918 825 1036 887 dextra
1069 833 1212 910 pateram
1244 839 1326 906 quae
1353 814 1520 903 exciperet

377 936 520 997 ninnium
543 930 712 992 fluminum
736 950 819 1013 quae
841 941 917 990 sunt
939 929 973 990 in
996 948 1034 989 eo
1055 933 1165 988 monte
1186 944 1314 1008 aquam,
1336 930 1372 984 ut
1393 919 1471 983 inde
1485 921 1520 982 in

376 1057 466 1099 mare
488 1029 749 1120 profunderetur.
795 1027 973 1092 delectatus
989 1025 1178 1091 Alexander
1197 1024 1382 1104 narratione
1396 1022 1520 1086 formae
1536 1045 1552 1091 3

378 1138 489 1201 statim
512 1132 670 1221 quaesiit,
694 1132 722 1193 si
745 1139 853 1194 essent
875 1132 945 1215 agri
969 1130 1056 1193 circa
1077 1128 1134 1214 qui
1155 1135 1288 1214 possent
1309 1124 1521 1189 frumentaria

343 1240 503 1303 eratione
526 1256 596 1296 eam
619 1232 787 1294 civitatem
810 1234 904 1294 tueri.
951 1254 1023 1294 eum
1046 1230 1227 1292 invenisset
1253 1249 1318 1291 non
1339 1248 1435 1313 posse
1457 1226 1521 1288 nisi

377 1336 604 1405 transmarinis
620 1332 901 1416 subvectionibus,
925 1334 1130 1413 Dinocrates,
1150 1330 1267 1417 inquit,
1281 1326 1415 1392 attendo
1431 1348 1519 1412 egre-

377 1444 464 1527 giam
487 1439 611 1501 formac
633 1435 900 1521 compositionem
923 1445 955 1497 ct
977 1455 1015 1496 ea
1037 1430 1195 1513 delector,
1218 1430 1276 1493 sed
1297 1428 1520 1493 animadverto
1570 1430 1573 1435 ’

379 1545 407 1607 si
430 1541 486 1628 qui
509 1536 685 1600 deduxerit
707 1558 745 1599 eo
766 1534 829 1598 loci
852 1534 1011 1599 coloniam
1033 1536 1102 1599 lore
1124 1544 1160 1597 ut
1174 1532 1330 1596 iudicium
1347 1532 1416 1595 eius
1435 1532 1520 1594 vitu-

378 1651 521 1730 peretur.
565 1649 601 1700 ut
624 1638 710 1699 enim
732 1648 825 1699 natus
849 1636 956 1701 infans
980 1638 1049 1700 sine
1071 1636 1208 1700 nutricis
1230 1633 1314 1698 lacte
1334 1655 1400 1697 non
1414 1640 1521 1718 potest

330 1761 362 1807 10
379 1743 424 1807 ali
446 1761 552 1826 neque
574 1737 721 1801 advitae
744 1740 918 1802 crescentis
940 1738 1061 1823 gradus
1084 1736 1231 1824 perduci,
1254 1737 1301 1799 sic
1316 1736 1435 1799 civitas
1451 1736 1521 1799 sine

379 1844 468 1929 agris
489 1853 521 1904 et
542 1861 653 1902 eorum
673 1838 833 1902 fructibus
855 1841 890 1903 in
909 1840 1080 1904 moenibus
1100 1837 1311 1902 affluentibus
1330 1859 1395 1901 non
1416 1845 1521 1923 potest

381 1963 527 2009 erescere
548 1962 609 2003 nec
632 1940 702 2003 sine
723 1939 923 2005 abundantia
951 1942 1017 2005 cibi
1039 1941 1257 2028 frequentiam
1278 1938 1399 2002 habere
1420 1960 1520 2024 popu-

381 2046 512 2130 lumque
534 2042 605 2105 sine
627 2042 719 2127 copia
740 2043 836 2105 tueri.
879 2044 990 2130 itaque
1009 2041 1281 2129 quemadmodum
1295 2039 1521 2104 formationem
1586 2083 1589 2088 -

381 2157 460 2232 puto
481 2141 697 2230 probandam,
727 2143 774 2205 sic
796 2143 904 2208 iudico
926 2144 1032 2209 locum
1054 2143 1309 2231 inprobandum,
1330 2153 1428 2228 teque
1448 2139 1522 2206 volo

332 2263 453 2311 messe
475 2266 611 2325 mecum,
635 2242 722 2329 quod
743 2255 799 2307 tua
821 2268 918 2331 opera
939 2269 1011 2309 sum
1033 2268 1160 2311 usurus.
1206 2267 1247 2309 cx
1270 2265 1308 2307 eo
1328 2244 1553 2309 Dinocratest

382 2348 425 2410 ab
447 2367 524 2429 rege
552 2367 618 2408 non
648 2344 800 2411 discessit
827 2357 859 2409 et
881 2347 916 2410 in
937 2349 1128 2436 Aegyptum
1156 2358 1206 2412 est
1228 2368 1301 2410 eum
1322 2356 1520 2432 persecutus.

383 2448 430 2511 ibi
441 2445 631 2510 Alexander
653 2468 726 2510 cum
744 2447 1030 2513 animadvertisset
1047 2460 1177 2536 portum
1197 2446 1390 2512 naturaliter
1405 2458 1519 2530 tutum,

384 2549 563 2635 emporium
585 2550 763 2633 egregium,
787 2572 916 2637 campos
939 2552 1026 2614 circa
1048 2562 1149 2616 totam
1169 2552 1359 2637 Aegyptum
1381 2550 1521 2613 frumen·

383 2649 500 2729 tarios,
534 2649 673 2711 inmanis
695 2650 838 2715 fluminis
861 2652 930 2715 Nili
958 2675 1093 2738 magnas
1119 2651 1279 2716 utilitates
1286 2700 1296 2734 ,
1330 2652 1427 2716 iussit
1450 2672 1521 2714 eum

333 2767 366 2814 20
384 2773 442 2816 suo
470 2750 598 2815 nomine
631 2751 797 2816 civitatem
824 2752 1060 2820 Alexandriam
1090 2755 1298 2819 constituere.
1346 2754 1393 2818 ita
1420 2752 1520 2817 Dino·

384 2863 488 2918 crates
516 2875 536 2916 a
563 2852 646 2916 facie
679 2853 904 2943 dignitateque
937 2859 1080 2944 corporis
1113 2854 1356 2921 commendatus
1382 2856 1425 2919 ad
1453 2876 1521 2918 eam

383 2953 586 3020 nobilitatem
607 2957 767 3041 pervenit.
811 2959 892 3022 mihi
912 2969 1038 3043 autem,
1066 2961 1256 3046 imperator,
1280 2967 1438 3022 sauram
1458 2979 1522 3022 non

383 3057 500 3122 tribuit
526 3067 657 3141 natura,
692 3057 809 3121 faeiem
837 3060 1034 3126 deformavit
1059 3071 1167 3142 aetas,
1195 3058 1349 3124 valetudo
1380 3059 1521 3125 detraxit

383 3161 481 3225 vires.
526 3161 636 3246 itaque
662 3163 814 3247 quoniam
843 3163 884 3226 ab
906 3164 958 3228 his
981 3163 1154 3251 praesidiis
1177 3185 1248 3226 sum
1270 3161 1437 3246 desertus,
1465 3182 1521 3248 per

333 3278 366 3325 aa
383 3261 508 3326 auxilia
539 3263 695 3327 scientiae
727 3266 912 3351 scriptaque
944 3277 981 3330 ut
1015 3287 1110 3351 spero
1144 3265 1334 3349 perveniam
1367 3263 1410 3327 ad
1438 3285 1519 3328 corn-

382 3363 632 3429 mandationem.

469 3466 552 3531 Cum
573 3475 680 3530 autem
702 3469 807 3553 primo
830 3468 995 3533 volumine
1018 3469 1059 3532 de
1075 3468 1183 3533 officio
1203 3466 1440 3533 architecturae
1459 3477 1553 3532 ter-o

384 3567 681 3655 minationibusque
713 3571 793 3634 artis
821 3571 1082 3657 perscripserim,
1117 3571 1196 3634 item
1225 3569 1266 3644 de
1294 3569 1463 3636 moenibus
1490 3580 1522 3633 et

452 3814 468 3860 3
486 3811 645 3860 narratione
664 3827 723 3876 eqo:
747 3814 854 3862 ratione
873 3813 922 3863 EG
945 3811 1006 3875 (L):
1030 3813 1143 3862 natione
1163 3807 1223 3875 (pro
1246 3783 1369 3874 u'dtione)
1387 3813 1417 3860 H
1434 3810 1487 3875 (lc).
1505 3802 1518 3873 ΙΙ

384 3896 540 3960 4quaesiit
558 3895 611 3945 El!
634 3895 675 3959 (ele
697 3903 722 3946 et
745 3905 804 3947 ante
822 3914 890 3950 corr.
915 3896 965 3962 L),
990 3897 1110 3962 quesivit
1133 3894 1252 3960 G(L⁶l).
1282 3893 1294 3960 11
1322 3901 1438 3960 possent
1459 3894 1517 3944 EG:

384 4015 492 4078 possint
509 4015 540 4064 H
555 4011 635 4077 (Llc).
658 4011 670 4080 ΙΙ
693 4018 709 4066 8
726 4017 798 4080 siqui
817 4016 962 4066 deduxerit
978 4016 1028 4065 EG
1046 4012 1105 4077 (sed
1118 4016 1152 4065 Gc
1163 4016 1188 4063 ia
1206 4031 1284 4078 saura,
1304 3983 1413 4079 lsrqd):
1431 4013 1519 4079 siquid

384 4098 528 4150 deduxerit
550 4099 624 4164 (anule
647 4102 775 4164 duplicato
794 4103 823 4160 d)
846 4102 875 4149 H
897 4099 1000 4163 (siquid
1023 4099 1148 4150 eduxerit
1166 4100 1197 4157 L,
1221 4097 1440 4164 siquidednxerit
1457 4097 1519 4162 l,si

384 4185 543 4279 ddeduxerit
560 4217 610 4282 cl).
633 4215 646 4285 ΙΙ
668 4218 724 4269 loci
742 4188 820 4269 plia:
840 4219 901 4268 loco
921 4218 1005 4267 ΕΘΗ.
1027 4213 1041 4282 [l
1065 4218 1124 4268 iore
1143 4218 1201 4268 EG:
1222 4218 1294 4267 forte
1312 4218 1341 4266 H
1354 4216 1432 4279 (Lle).
1454 4213 1467 4282 ΙΙ
1489 4217 1520 4264 10

384 4301 485 4364 gradus
504 4302 581 4350 EGH
600 4300 651 4363 (LI,
670 4304 757 4368 gradu
776 4320 798 4366 c,
816 4302 906 4368 gradis
923 4301 988 4366 ech).
1012 4299 1024 4368 Η
1048 4306 1080 4352 14
1093 4303 1185 4353 iudico
1197 4301 1360 4365 amarem:
1380 4301 1481 4351 indicio
1493 4299 1521 4348 H

385 4383 470 4446 (-tio
489 4385 543 4447 tt).
569 4382 582 4450 ΙΙ
611 4389 643 4436 16
666 4402 726 4437 eum
751 4393 793 4437 est
816 4387 847 4436 Ε.
872 4383 884 4453 ΙΙ
911 4384 991 4452 per(p
1011 4388 1190 4452 GLllsecutus
1209 4388 1287 4437 EGII
1307 4385 1362 4451 (LI,
1387 4390 1519 4450 ,psecutus

383 4468 433 4533 et).
458 4465 470 4534 ΙΙ
495 4470 525 4517 17
549 4469 698 4520 alexander
720 4487 780 4522 eum
804 4469 862 4536 (ate)
887 4473 960 4521 anim
985 4473 1047 4523 adv.
1070 4472 1099 4520 H
1121 4471 1219 4536 (solua).
1248 4470 1260 4540 ΙΙ
1288 4476 1320 4523 19
1344 4489 1418 4522 eum:
1449 4473 1519 4522 enim

376 4559 436 4601 arete
463 4569 532 4604 corr.
560 4554 588 4603 θ.
616 4551 629 4620 11
655 4558 687 4605 21
711 4555 848 4621 dignitate
872 4558 921 4607 EG
948 4555 1022 4621 (L⁶):
1054 4557 1125 4606 —tis
1149 4557 1178 4605 H
1196 4557 1241 4620 (lc,
1269 4562 1345 4607 —tes
1368 4566 1427 4608 ante
1454 4572 1521 4607 corr.

375 4636 422 4700 h).
455 4638 520 4699 sort.
540 4636 681 4702 dignitati.
705 4636 717 4705 ΙΙ
740 4643 773 4689 25
791 4641 896 4691 auxilia
915 4643 945 4689 H
962 4639 1046 4704 (Llc):
1076 4640 1208 4691 auxilinm
1231 4642 1286 4692 EG.
1309 4641 1322 4709 ΙΙ
1350 4641 1521 4694 commenda·

371 4720 484 4789 tionem]
502 4724 550 4772 luc
568 4740 646 4789 usque
667 4725 700 4775 E.
723 4721 735 4789 ΙΙ
757 4728 790 4776 28
809 4726 1016 4790 perscripserim
1034 4725 1104 4775 doe:
1124 4727 1275 4792 perscripsi
1296 4728 1353 4778 GH.
1499 4730 1501 4733 ’
