3784 5625
335 2085 382 2139 H:
405 2085 499 2140 Hnrl
506 2089 637 2142 cianus
651 2103 723 2143 mus.
740 2083 816 2143 Brit.
835 2091 922 2158 2767,
940 2104 1018 2143 saec.
1036 2089 1089 2157 IX,
1104 2088 1243 2160 foliorum
1260 2090 1318 2143 162
1334 2091 1422 2155 (vers.
1447 2092 1484 2143 25

400 2172 444 2225 uel
462 2172 522 2235 26).
551 2174 580 2226 in
591 2175 703 2243 popina
716 2188 820 2229 auersa
834 2173 902 2244 folii
914 2176 973 2227 145
985 2180 1110 2243 propter
1124 2174 1309 2227 membranae
1321 2176 1486 2228 tenuitatem

399 2270 494 2309 uacuo
524 2259 704 2325 conspicitur
725 2275 830 2329 mupno
854 2261 954 2312 crucis
974 2260 1071 2329 fipuro
1095 2263 1258 2311 otromento
1279 2258 1434 2325 delineata,
1458 2262 1486 2310 et

396 2341 483 2393 luceto
498 2357 586 2395 mann
602 2358 620 2394 u
636 2346 719 2396 textu
734 2343 850 2397 diuersa
866 2344 1006 2411 scriptum
1021 2356 1122 2396 nomen
1135 2341 1207 2395 boc.-
1223 2336 1385 2395 Goderon‘l
1406 2358 1485 2415 ppo·
1590 2335 1592 2339 ’

397 2418 466 2478 fit‘l.
509 2426 573 2478 emit
594 2424 712 2479 Horleii
735 2427 814 2479 iussu
836 2426 1008 2496 Humpbrep
1036 2424 1159 2495 Wanlep
1174 2426 1236 2478 eius
1251 2424 1486 2479 bibliothecarius

403 2510 430 2562 6.
446 2509 520 2579 Aup.
538 2510 623 2577 1724,
641 2525 781 2563 unacum
797 2509 973 2575 Quintiliano
991 2509 1092 2576 (Harl.
1109 2508 1202 2572 2664)
1221 2513 1248 2563 et
1263 2510 1329 2563 aliis
1340 2509 1487 2563 codicibus

401 2594 437 2645 18
463 2607 502 2646 eoc
523 2591 611 2647 Itolin
625 2596 734 2661 purtim
750 2595 861 2662 allatis,
892 2594 1015 2648 uendidit
1036 2592 1119 2664 „Sip'
1138 2592 1214 2647 Jobn
1234 2592 1333 2647 James
1348 2592 1487 2648 Zamboni

398 2678 527 2731 resident
545 2675 597 2746 for
623 2677 671 2731 tlte
690 2677 877 2747 Landtproue
897 2677 934 2748 of
949 2676 1289 2746 Hessen-llarmstadt“‚
1312 2678 1414 2732 uvidus
1438 2693 1486 2732 co·

398 2761 492 2816 dicum
514 2775 580 2816 mss.
607 2768 729 2818 uenator
751 2763 799 2830 (de
819 2780 877 2834 qua
900 2777 933 2816 re
955 2764 1009 2818 uid.
1038 2760 1185 2834 Wanlep’s
1204 2763 1290 2833 diury
1311 2762 1365 2817 uot.
1380 2761 1417 2818 ΙΙ
1429 2760 1485 2817 Ms,

398 2845 578 2901 Lansdomne
605 2862 652 2901 no.
679 2849 760 2912 772).
802 2851 832 2902 in
861 2849 921 2918 fine
948 2850 1066 2903 ultimae
1090 2849 1219 2918 popinae
1242 2848 1324 2917 finito
1360 2846 1486 2901 Vitruvio

399 2932 458 2984 otia
475 2945 578 2985 munus
593 2933 712 3002 antiquo
729 2933 837 2987 addidit
849 2933 940 2987 baec:
955 2929 1056 2988 Uncia
1073 2945 1182 2987 caerae
1200 2928 1317 3005 colligit
1331 2920 1363 2985 iu
1379 2929 1486 2987 fusura

400 3013 479 3068 aeris
495 3013 603 3071 uncias
618 3011 700 3070 VIII
715 3013 740 3071 dc
760 3013 764 3088 l
785 3014 929 3072 denarios
945 3013 1035 3073 XVI.
1065 3013 1146 3071 aeris
1163 3013 1251 3090 cypri
1266 3013 1373 3069 uncias
1388 3011 1487 3071 VIIII

400 3095 561 3154 denarium
586 3092 758 3174 IlStagni
787 3099 893 3156 uncias
923 3097 987 3156 VII
1019 3098 1045 3156 dc
1072 3097 1215 3155 denarios
1244 3096 1323 3155 XVI
1351 3096 1485 3174 Argenti

397 3174 523 3258 unicias
538 3179 571 3237 X
586 3180 612 3238 dc
627 3181 770 3240 denarios
786 3182 861 3242 XII.
891 3181 1008 3260 plumbi
1027 3181 1137 3240 libram
1160 3180 1194 3253 ,L
1211 3181 1237 3238 dc
1253 3175 1417 3256 denalrios
1439 3181 1486 3239 VI

398 3264 477 3322 Auri
491 3264 601 3322 libram
617 3265 763 3324 &uncias
779 3265 843 3326 VII
858 3266 884 3324 dc
900 3267 1044 3325 denarios
1065 3259 1175 3343 v111t.
1203 3268 1250 3322 bic
1270 3269 1340 3338 finis
1355 3273 1382 3321 et
1400 3270 1484 3340 papi-

397 3365 454 3405 nue
475 3356 502 3406 et
523 3353 638 3407 codicis.
676 3354 754 3408 bunc
776 3355 903 3408 codicem
924 3371 952 3408 o.
977 3356 1055 3408 1866
1076 3358 1104 3407 et
1123 3354 1198 3406 tsoo
1213 3351 1347 3407 londinii
1367 3353 1487 3406 contulit

398 3435 437 3489 Η.
452 3433 719 3509 Mulier-Strbbinp,
736 3440 854 3508 inspexi
866 3440 929 3508 ipse
945 3442 973 3492 et
988 3441 1124 3506 exparte
1141 3435 1203 3502 (lib.
1215 3435 1234 3489 I
1247 3440 1274 3490 et
1285 3436 1429 3490 dimidium
1442 3436 1483 3499 X)

402 3522 510 3574 contuli
523 3538 558 3574 m¹
576 3520 656 3590 Sept.
675 3523 761 3576 1866.

332 3604 373 3661 L:
388 3603 452 3658 Lei
457 3605 477 3658 d
483 3607 564 3659 ensi
568 3619 582 3658 s
595 3605 709 3671 (Voss.)
719 3608 766 3674 88,
780 3609 934 3662 coniuncta
947 3609 1097 3662 comarum
1109 3621 1243 3660 manuum
1256 3618 1346 3673 opero
1359 3606 1486 3673 scriptus

403 3693 431 3743 et
447 3695 606 3749 correctus,
623 3704 700 3745 saec.
714 3690 744 3744 X
751 3689 889 3761 foliorum
907 3693 963 3746 166
981 3695 1069 3758 (vers.
1086 3692 1158 3744 circ.
1175 3689 1319 3755 25-27),
1336 3689 1430 3742 sedin
1442 3689 1484 3741 ul·
1572 3696 1574 3702 '

400 3775 474 3828 timis
488 3774 599 3827 duobus
614 3773 695 3844 foliis
708 3776 854 3841 (16.5-6)
864 3781 932 3845 post
949 3776 1036 3831 oerba
1053 3777 1176 3845 repetita
1193 3773 1292 3827 eadem
1308 3787 1383 3843 quae
1397 3772 1484 3826 babet

399 3853 433 3909 H
452 3853 570 3929 (Uncia
592 3873 681 3939 cerae
699 3901 706 3915 .
723 3901 753 3917 ..
773 3856 916 3916 denarios
932 3855 1026 3933 VIII)
1048 3864 1210 3930 sequuntur
1225 3857 1299 3911 boec
1320 3858 1439 3927 quaein
1455 3854 1488 3907 H

401 3935 491 4012 (soliis
516 3942 685 4013 quibusdam
713 3939 828 4016 recisis)
856 3960 934 3999 nunc
956 3945 1175 3999 desiderantur:
1218 3938 1274 3994 De
1300 3935 1484 4014 ponderi·

398 4021 477 4083 bus.
502 4021 644 4082 Calculus
661 4032 706 4080 est
719 4025 825 4083 ciceris
836 4047 933 4103 grana
946 4026 1007 4084 duo
1022 4070 1028 4083 .
1042 4070 1048 4085 .
1063 4071 1070 4085 .
1085 4024 1214 4082 faciunt.
1235 4022 1290 4078 De
1306 4019 1483 4096 liquidis.

400 4105 529 4167 Ooclcar
549 4105 643 4164 habet
664 4107 788 4166 dimidio
810 4109 933 4187 dragmu
1028 4107 1156 4166 coclear.
1192 4123 1260 4161 mou
1287 4104 1485 4176 confectiones

399 4198 426 4248 et
450 4192 616 4267 tinctiones
645 4197 755 4248 uariae.
796 4198 927 4252 subditur
953 4198 1053 4251 titulus
1078 4193 1104 4264 f.
1135 4192 1203 4245 106⁰
1228 4190 1319 4244 med„-
1360 4186 1484 4265 Specie·

398 4295 465 4333 rum
494 4285 524 4334 et
551 4274 724 4354 ponderum
751 4284 844 4354 atque
867 4279 1003 4336 colorum
1023 4282 1144 4351 sumpta
1172 4290 1218 4330 ox·
1233 4271 1359 4349 phisicis
1374 4271 1484 4350 proba-

399 4368 503 4418 menta
518 4361 629 4418 finiunt
644 4378 744 4421 amen.
774 4370 933 4435 postquem
949 4366 1042 4419 denuo
1058 4363 1141 4418 uario
1165 4357 1203 4415 de
1219 4365 1320 4414 rosato
1336 4357 1428 4414 mollo
1443 4388 1485 4396 —

401 4442 441 4500 dc
458 4444 525 4502 oleo
541 4444 654 4502 iiliacio
673 4474 710 4484 —
729 4444 768 4503 dc
785 4445 853 4503 oleo
869 4463 958 4502 roseo
975 4477 1016 4486 —-
1033 4443 1071 4501 de
1088 4443 1163 4501 rodo
1179 4441 1264 4501 meli.
1300 4443 1375 4498 berec
1391 4445 1484 4498 omnia

399 4531 498 4585 eadem
513 4547 600 4585 mann
615 4533 727 4600 scripta
740 4548 798 4603 qna
823 4532 944 4587 Vitruoii
962 4546 1038 4603 quae
1051 4531 1242 4600 praecedunt.
1284 4526 1367 4598 infra
1389 4532 1484 4581 oulem

399 4632 416 4667 o
432 4631 519 4669 manu
541 4618 654 4669 recenti
674 4617 793 4687 lepitur:
825 4613 848 4673 J
850 4613 981 4672 ohannis
995 4613 1058 4689 Epi
1072 4611 1229 4683 Warmien
1252 4616 1309 4687 quc
1325 4608 1411 4667 dedit
1427 4607 1484 4666 dfis

399 4692 580 4756 Sebastisul
600 4693 676 4774 epus
691 4697 826 4770 Brixisn.
846 4700 905 4772 fuit
921 4703 1008 4774 ipitur
1021 4700 1095 4756 liber
1110 4701 1166 4754 uiri
1180 4697 1361 4752 celeberrimi
1374 4696 1483 4751 loban-

367 4809 482 4845 v1uuuv.
502 4809 537 4842 nu
557 4806 670 4848 sscmu.
1245 4788 1282 4830 *²¹²
1502 4785 1510 4795 '
