<?xml version="1.0" encoding="UTF-8"?>
<!DOCTYPE html PUBLIC "-//W3C//DTD XHTML 1.0 Transitional//EN"
    "http://www.w3.org/TR/xhtml1/DTD/xhtml1-transitional.dtd">
<html xmlns="http://www.w3.org/1999/xhtml" xml:lang="en" lang="en">
 <head>
  <title>
</title>
<meta http-equiv="Content-Type" content="text/html;charset=utf-8" />
  <meta name='ocr-system' content='tesseract 3.04.00' />
  <meta name='ocr-capabilities' content='ocr_page ocr_carea ocr_par ocr_line ocrx_word'/>
</head>
<body>
  <div class='ocr_page' id='page_1' title='image "./vitruviidearchi01strgoog_0137.png"; bbox 0 0 3784 5625; ppageno 0'>
   <div class='ocr_carea' id='block_1_1' title="bbox 751 641 1563 704">
    <p class='ocr_par' dir='ltr' id='par_1_1' title="bbox 751 641 1563 704">
     <span class='ocr_line' id='line_1_1' title="bbox 751 641 1563 704; baseline 0.014 -11"><span class='ocrx_word' id='word_1_1' title='bbox 751 647 798 694; x_wconf 82' lang='lat' dir='ltr'>ou</span> <span class='ocrx_word' id='word_1_2' title='bbox 824 647 1091 697; x_wconf 77' lang='lat' dir='ltr'>aacrrrrroruua</span> <span class='ocrx_word' id='word_1_3' title='bbox 1115 652 1184 698; x_wconf 81' lang='lat' dir='ltr'>ma.</span> <span class='ocrx_word' id='word_1_4' title='bbox 1207 655 1240 699; x_wconf 89' lang='lat' dir='ltr'>v.</span> <span class='ocrx_word' id='word_1_5' title='bbox 1502 641 1563 704; x_wconf 89' lang='grc'>119</span> 
     </span>
    </p>
   </div>
   <div class='ocr_carea' id='block_1_2' title="bbox 315 800 1636 3717">
    <p class='ocr_par' dir='ltr' id='par_1_2' title="bbox 412 800 1592 1674">
     <span class='ocr_line' id='line_1_2' title="bbox 417 800 1559 890; baseline 0.009 -27"><span class='ocrx_word' id='word_1_6' title='bbox 417 809 490 887; x_wconf 92' lang='lat' dir='ltr'>pter</span> <span class='ocrx_word' id='word_1_7' title='bbox 518 822 634 881; x_wconf 85' lang='lat' dir='ltr'>usum,</span> <span class='ocrx_word' id='word_1_8' title='bbox 663 801 712 862; x_wconf 89' lang='lat' dir='ltr'>uti</span> <span class='ocrx_word' id='word_1_9' title='bbox 740 800 863 883; x_wconf 88' lang='lat' dir='ltr'>gradus</span> <span class='ocrx_word' id='word_1_10' title='bbox 892 800 1078 865; x_wconf 84' lang='lat' dir='ltr'>diazomata</span> <span class='ocrx_word' id='word_1_11' title='bbox 1105 803 1231 890; x_wconf 90' lang='lat' dir='ltr'>pluteos</span> <span class='ocrx_word' id='word_1_12' title='bbox 1259 807 1377 869; x_wconf 89' lang='lat' dir='ltr'>itinera</span> <span class='ocrx_word' id='word_1_13' title='bbox 1405 830 1559 873; x_wconf 90' lang='lat' dir='ltr'>ascensus</span> 
     </span>
     <span class='ocr_line' id='line_1_3' title="bbox 417 900 1559 993; baseline 0.009 -29"><span class='ocrx_word' id='word_1_14' title='bbox 417 900 545 989; x_wconf 92' lang='lat' dir='ltr'>pulpita</span> <span class='ocrx_word' id='word_1_15' title='bbox 567 900 744 964; x_wconf 89' lang='lat' dir='ltr'>tribunalia</span> <span class='ocrx_word' id='word_1_16' title='bbox 767 910 799 964; x_wconf 92' lang='lat' dir='ltr'>et</span> <span class='ocrx_word' id='word_1_17' title='bbox 821 903 850 965; x_wconf 93' lang='lat' dir='ltr'>si</span> <span class='ocrx_word' id='word_1_18' title='bbox 873 923 937 987; x_wconf 89' lang='lat' dir='ltr'>qua</span> <span class='ocrx_word' id='word_1_19' title='bbox 959 902 1024 966; x_wconf 90' lang='lat' dir='ltr'>alia</span> <span class='ocrx_word' id='word_1_20' title='bbox 1046 905 1266 968; x_wconf 89' lang='lat' dir='ltr'>intercurrunt</span> <span class='ocrx_word' id='word_1_21' title='bbox 1294 929 1335 969; x_wconf 84' lang='lat' dir='ltr'>ex</span> <span class='ocrx_word' id='word_1_22' title='bbox 1364 908 1482 993; x_wconf 90' lang='lat' dir='ltr'>quibus</span> <span class='ocrx_word' id='word_1_23' title='bbox 1504 933 1559 973; x_wconf 90' lang='lat' dir='ltr'>ne-</span> 
     </span>
     <span class='ocr_line' id='line_1_4' title="bbox 417 1000 1558 1092; baseline 0.008 -26"><span class='ocrx_word' id='word_1_24' title='bbox 417 1004 553 1066; x_wconf 81' lang='lat' dir='ltr'><strong>cessitas</strong></span> <span class='ocrx_word' id='word_1_25' title='bbox 582 1003 670 1086; x_wconf 85' lang='lat' dir='ltr'>cogit</span> <span class='ocrx_word' id='word_1_26' title='bbox 699 1000 867 1066; x_wconf 82' lang='lat' dir='ltr'>discedere</span> <span class='ocrx_word' id='word_1_27' title='bbox 895 1003 937 1066; x_wconf 92' lang='lat' dir='ltr'>ab</span> <span class='ocrx_word' id='word_1_28' title='bbox 966 1006 1157 1089; x_wconf 80' lang='lat' dir='ltr'>symmetria</span> <span class='ocrx_word' id='word_1_29' title='bbox 1184 1028 1225 1069; x_wconf 91' lang='lat' dir='ltr'>ne</span> <span class='ocrx_word' id='word_1_30' title='bbox 1253 1008 1441 1092; x_wconf 81' lang='lat' dir='ltr'>inpediatur</span> <span class='ocrx_word' id='word_1_31' title='bbox 1468 1026 1558 1075; x_wconf 81' lang='lat' dir='ltr'>usus.</span> 
     </span>
     <span class='ocr_line' id='line_1_5' title="bbox 415 1104 1556 1191; baseline 0.007 -24"><span class='ocrx_word' id='word_1_32' title='bbox 415 1127 481 1168; x_wconf 92' lang='lat' dir='ltr'>non</span> <span class='ocrx_word' id='word_1_33' title='bbox 503 1105 611 1168; x_wconf 87' lang='lat' dir='ltr'>minus</span> <span class='ocrx_word' id='word_1_34' title='bbox 634 1104 662 1166; x_wconf 91' lang='lat' dir='ltr'>si</span> <span class='ocrx_word' id='word_1_35' title='bbox 685 1125 750 1189; x_wconf 90' lang='lat' dir='ltr'>qua</span> <span class='ocrx_word' id='word_1_36' title='bbox 772 1104 936 1187; x_wconf 81' lang='lat' dir='ltr'>exiguitas</span> <span class='ocrx_word' id='word_1_37' title='bbox 960 1107 1137 1191; x_wconf 82' lang='lat' dir='ltr'>copiarum,</span> <span class='ocrx_word' id='word_1_38' title='bbox 1160 1108 1195 1170; x_wconf 92' lang='lat' dir='ltr'>id</span> <span class='ocrx_word' id='word_1_39' title='bbox 1218 1116 1268 1171; x_wconf 90' lang='lat' dir='ltr'>est</span> <span class='ocrx_word' id='word_1_40' title='bbox 1290 1112 1469 1191; x_wconf 87' lang='lat' dir='ltr'>marmoris,</span> <span class='ocrx_word' id='word_1_41' title='bbox 1491 1134 1556 1174; x_wconf 91' lang='lat' dir='ltr'>ma-</span> 
     </span>
     <span class='ocr_line' id='line_1_6' title="bbox 415 1203 1592 1295; baseline 0.008 -27"><span class='ocrx_word' id='word_1_42' title='bbox 415 1206 517 1269; x_wconf 91' lang='lat' dir='ltr'>teriae</span> <span class='ocrx_word' id='word_1_43' title='bbox 530 1203 795 1291; x_wconf 90' lang='lat' dir='ltr'>reliquarumque</span> <span class='ocrx_word' id='word_1_44' title='bbox 809 1226 917 1267; x_wconf 90' lang='lat' dir='ltr'>rerum</span> <span class='ocrx_word' id='word_1_45' title='bbox 937 1216 1208 1293; x_wconf 84' lang='lat' dir='ltr'>quaeparantur,</span> <span class='ocrx_word' id='word_1_46' title='bbox 1230 1209 1265 1271; x_wconf 94' lang='lat' dir='ltr'>in</span> <span class='ocrx_word' id='word_1_47' title='bbox 1287 1231 1384 1294; x_wconf 90' lang='lat' dir='ltr'>opere</span> <span class='ocrx_word' id='word_1_48' title='bbox 1405 1212 1557 1295; x_wconf 85' lang='lat' dir='ltr'>defuerit,</span> <span class='ocrx_word' id='word_1_49' title='bbox 1577 1234 1592 1281; x_wconf 88' lang='lat'>5</span> 
     </span>
     <span class='ocr_line' id='line_1_7' title="bbox 414 1305 1558 1398; baseline 0.007 -29"><span class='ocrx_word' id='word_1_50' title='bbox 414 1306 548 1392; x_wconf 87' lang='lat' dir='ltr'>paulum</span> <span class='ocrx_word' id='word_1_51' title='bbox 564 1305 693 1369; x_wconf 92' lang='lat' dir='ltr'>demere</span> <span class='ocrx_word' id='word_1_52' title='bbox 715 1314 772 1369; x_wconf 92' lang='lat' dir='ltr'>aut</span> <span class='ocrx_word' id='word_1_53' title='bbox 793 1305 938 1389; x_wconf 84' lang='lat' dir='ltr'>adicere,</span> <span class='ocrx_word' id='word_1_54' title='bbox 963 1306 1042 1370; x_wconf 94' lang='lat' dir='ltr'>dum</span> <span class='ocrx_word' id='word_1_55' title='bbox 1063 1308 1098 1371; x_wconf 94' lang='lat' dir='ltr'>id</span> <span class='ocrx_word' id='word_1_56' title='bbox 1120 1331 1162 1372; x_wconf 93' lang='lat' dir='ltr'>ne</span> <span class='ocrx_word' id='word_1_57' title='bbox 1182 1309 1320 1373; x_wconf 92' lang='lat' dir='ltr'>nimium</span> <span class='ocrx_word' id='word_1_58' title='bbox 1342 1313 1478 1398; x_wconf 91' lang='lat' dir='ltr'>inprobe</span> <span class='ocrx_word' id='word_1_59' title='bbox 1500 1315 1558 1378; x_wconf 89' lang='lat' dir='ltr'>fiat</span> 
     </span>
     <span class='ocr_line' id='line_1_8' title="bbox 414 1407 1556 1491; baseline 0.006 -20"><span class='ocrx_word' id='word_1_60' title='bbox 414 1408 472 1471; x_wconf 92' lang='lat' dir='ltr'>sed</span> <span class='ocrx_word' id='word_1_61' title='bbox 500 1430 574 1471; x_wconf 91' lang='lat' dir='ltr'>cum</span> <span class='ocrx_word' id='word_1_62' title='bbox 596 1428 711 1491; x_wconf 78' lang='lat' dir='ltr'>seusu,</span> <span class='ocrx_word' id='word_1_63' title='bbox 734 1430 801 1471; x_wconf 92' lang='lat' dir='ltr'>non</span> <span class='ocrx_word' id='word_1_64' title='bbox 823 1409 885 1470; x_wconf 91' lang='lat' dir='ltr'>erit</span> <span class='ocrx_word' id='word_1_65' title='bbox 907 1407 1060 1478; x_wconf 73' lang='lat' dir='ltr'>alienum.</span> <span class='ocrx_word' id='word_1_66' title='bbox 1104 1412 1165 1474; x_wconf 91' lang='lat' dir='ltr'>hoc</span> <span class='ocrx_word' id='word_1_67' title='bbox 1187 1420 1296 1473; x_wconf 90' lang='lat' dir='ltr'>autem</span> <span class='ocrx_word' id='word_1_68' title='bbox 1319 1408 1380 1476; x_wconf 76' lang='lat' dir='ltr'>erit</span> <span class='ocrx_word' id='word_1_69' title='bbox 1402 1416 1430 1476; x_wconf 91' lang='lat' dir='ltr'>si</span> <span class='ocrx_word' id='word_1_70' title='bbox 1452 1415 1556 1478; x_wconf 89' lang='lat' dir='ltr'>archi-</span> 
     </span>
     <span class='ocr_line' id='line_1_9' title="bbox 413 1510 1556 1601; baseline 0.005 -28"><span class='ocrx_word' id='word_1_71' title='bbox 413 1517 518 1573; x_wconf 88' lang='lat' dir='ltr'>tectus</span> <span class='ocrx_word' id='word_1_72' title='bbox 535 1510 597 1573; x_wconf 91' lang='lat' dir='ltr'>erit</span> <span class='ocrx_word' id='word_1_73' title='bbox 617 1530 679 1572; x_wconf 91' lang='lat' dir='ltr'>usu</span> <span class='ocrx_word' id='word_1_74' title='bbox 701 1510 843 1595; x_wconf 87' lang='lat' dir='ltr'>peritus,</span> <span class='ocrx_word' id='word_1_75' title='bbox 866 1518 1037 1594; x_wconf 89' lang='lat' dir='ltr'>praeterea</span> <span class='ocrx_word' id='word_1_76' title='bbox 1058 1510 1190 1595; x_wconf 85' lang='lat' dir='ltr'>ingenio</span> <span class='ocrx_word' id='word_1_77' title='bbox 1212 1512 1327 1577; x_wconf 88' lang='lat' dir='ltr'>mobili</span> <span class='ocrx_word' id='word_1_78' title='bbox 1348 1512 1556 1601; x_wconf 88' lang='lat' dir='ltr'>sollertiaque</span> 
     </span>
     <span class='ocr_line' id='line_1_10' title="bbox 412 1610 789 1674; baseline -0.003 0"><span class='ocrx_word' id='word_1_79' title='bbox 412 1634 477 1674; x_wconf 92' lang='lat' dir='ltr'>non</span> <span class='ocrx_word' id='word_1_80' title='bbox 501 1610 601 1673; x_wconf 90' lang='lat' dir='ltr'>fuerit</span> <span class='ocrx_word' id='word_1_81' title='bbox 622 1611 789 1674; x_wconf 89' lang='lat' dir='ltr'>viduatus.</span> 
     </span>
    </p>

    <p class='ocr_par' dir='ltr' id='par_1_3' title="bbox 378 1711 1636 3626">
     <span class='ocr_line' id='line_1_11' title="bbox 378 1711 1606 1801; baseline 0.008 -26"><span class='ocrx_word' id='word_1_82' title='bbox 378 1728 395 1775; x_wconf 82' lang='lat'>8</span> <span class='ocrx_word' id='word_1_83' title='bbox 498 1712 594 1797; x_wconf 88' lang='lat' dir='ltr'>Ipsae</span> <span class='ocrx_word' id='word_1_84' title='bbox 609 1721 718 1775; x_wconf 92' lang='lat' dir='ltr'>autem</span> <span class='ocrx_word' id='word_1_85' title='bbox 734 1733 871 1776; x_wconf 79' lang='lat' dir='ltr'>scaenae</span> <span class='ocrx_word' id='word_1_86' title='bbox 894 1734 969 1776; x_wconf 89' lang='lat' dir='ltr'>suas</span> <span class='ocrx_word' id='word_1_87' title='bbox 992 1711 1115 1777; x_wconf 90' lang='lat' dir='ltr'>habent</span> <span class='ocrx_word' id='word_1_88' title='bbox 1136 1715 1278 1779; x_wconf 89' lang='lat' dir='ltr'>rationes</span> <span class='ocrx_word' id='word_1_89' title='bbox 1303 1715 1483 1801; x_wconf 84' lang='lat' dir='ltr'>explicatas</span> <span class='ocrx_word' id='word_1_90' title='bbox 1506 1719 1554 1781; x_wconf 91' lang='lat' dir='ltr'>ita</span> <span class='ocrx_word' id='word_1_91' title='bbox 1573 1738 1606 1786; x_wconf 91' lang='lat'>10</span> 
     </span>
     <span class='ocr_line' id='line_1_12' title="bbox 411 1813 1555 1900; baseline 0.005 -24"><span class='ocrx_word' id='word_1_92' title='bbox 411 1816 461 1877; x_wconf 92' lang='lat' dir='ltr'>uti</span> <span class='ocrx_word' id='word_1_93' title='bbox 489 1813 616 1877; x_wconf 88' lang='lat' dir='ltr'>mediae</span> <span class='ocrx_word' id='word_1_94' title='bbox 645 1813 764 1877; x_wconf 88' lang='lat' dir='ltr'>valvae</span> <span class='ocrx_word' id='word_1_95' title='bbox 785 1823 917 1877; x_wconf 88' lang='lat' dir='ltr'>ornatus</span> <span class='ocrx_word' id='word_1_96' title='bbox 940 1813 1084 1877; x_wconf 86' lang='lat' dir='ltr'>habeant</span> <span class='ocrx_word' id='word_1_97' title='bbox 1105 1815 1200 1879; x_wconf 92' lang='lat' dir='ltr'>aulae</span> <span class='ocrx_word' id='word_1_98' title='bbox 1221 1817 1349 1900; x_wconf 84' lang='lat' dir='ltr'>regiae,</span> <span class='ocrx_word' id='word_1_99' title='bbox 1377 1817 1495 1882; x_wconf 82' lang='lat' dir='ltr'>dextra</span> <span class='ocrx_word' id='word_1_100' title='bbox 1516 1841 1555 1882; x_wconf 87' lang='lat' dir='ltr'>ac</span> 
     </span>
     <span class='ocr_line' id='line_1_13' title="bbox 412 1914 1554 2004; baseline 0.004 -25"><span class='ocrx_word' id='word_1_101' title='bbox 412 1916 546 1980; x_wconf 90' lang='lat' dir='ltr'>sinistra</span> <span class='ocrx_word' id='word_1_102' title='bbox 566 1914 760 2001; x_wconf 83' lang='lat' dir='ltr'>hospitalia,</span> <span class='ocrx_word' id='word_1_103' title='bbox 784 1914 965 1979; x_wconf 88' lang='lat' dir='ltr'>seeundum</span> <span class='ocrx_word' id='word_1_104' title='bbox 986 1925 1096 1979; x_wconf 90' lang='lat' dir='ltr'>autem</span> <span class='ocrx_word' id='word_1_105' title='bbox 1119 1919 1226 2004; x_wconf 89' lang='lat' dir='ltr'>spatia</span> <span class='ocrx_word' id='word_1_106' title='bbox 1247 1917 1290 1981; x_wconf 88' lang='lat' dir='ltr'>ad</span> <span class='ocrx_word' id='word_1_107' title='bbox 1312 1929 1446 1983; x_wconf 91' lang='lat' dir='ltr'>ornatus</span> <span class='ocrx_word' id='word_1_108' title='bbox 1469 1943 1554 1984; x_wconf 89' lang='lat' dir='ltr'>com-</span> 
     </span>
     <span class='ocr_line' id='line_1_14' title="bbox 410 2016 1553 2106; baseline 0.004 -25"><span class='ocrx_word' id='word_1_109' title='bbox 410 2026 526 2104; x_wconf 88' lang='lat' dir='ltr'>parata</span> <span class='ocrx_word' id='word_1_110' title='bbox 533 2044 542 2099; x_wconf 55' lang='lat'><em>7</em></span> <span class='ocrx_word' id='word_1_111' title='bbox 578 2039 660 2103; x_wconf 91' lang='lat' dir='ltr'>quae</span> <span class='ocrx_word' id='word_1_112' title='bbox 691 2016 763 2081; x_wconf 91' lang='lat' dir='ltr'>loca</span> <span class='ocrx_word' id='word_1_113' title='bbox 785 2016 905 2081; x_wconf 79' lang='lat' dir='ltr'>Graeci</span> <span class='ocrx_word' id='word_1_114' title='bbox 938 2038 1141 2099; x_wconf 81' lang='grc' dir='ltr'><strong><em>περιακτους</em></strong></span> <span class='ocrx_word' id='word_1_115' title='bbox 1173 2018 1287 2082; x_wconf 88' lang='lat' dir='ltr'>dicunt</span> <span class='ocrx_word' id='word_1_116' title='bbox 1319 2019 1361 2082; x_wconf 92' lang='lat' dir='ltr'>ab</span> <span class='ocrx_word' id='word_1_117' title='bbox 1395 2043 1432 2084; x_wconf 94' lang='lat' dir='ltr'>eo</span> <span class='ocrx_word' id='word_1_118' title='bbox 1466 2022 1553 2106; x_wconf 95' lang='lat' dir='ltr'>quod</span> 
     </span>
     <span class='ocr_line' id='line_1_15' title="bbox 408 2116 1553 2204; baseline 0.004 -23"><span class='ocrx_word' id='word_1_119' title='bbox 408 2119 579 2183; x_wconf 90' lang='lat' dir='ltr'>machinae</span> <span class='ocrx_word' id='word_1_120' title='bbox 606 2127 682 2181; x_wconf 89' lang='lat' dir='ltr'>sunt</span> <span class='ocrx_word' id='word_1_121' title='bbox 708 2120 744 2182; x_wconf 94' lang='lat' dir='ltr'>in</span> <span class='ocrx_word' id='word_1_122' title='bbox 763 2116 816 2196; x_wconf 88' lang='lat' dir='ltr'>his</span> <span class='ocrx_word' id='word_1_123' title='bbox 839 2117 919 2183; x_wconf 89' lang='lat' dir='ltr'>locis</span> <span class='ocrx_word' id='word_1_124' title='bbox 942 2118 1115 2184; x_wconf 87' lang='lat' dir='ltr'>versatiles</span> <span class='ocrx_word' id='word_1_125' title='bbox 1137 2121 1286 2204; x_wconf 90' lang='lat' dir='ltr'>trigonoe</span> <span class='ocrx_word' id='word_1_126' title='bbox 1308 2120 1465 2187; x_wconf 87' lang='lat' dir='ltr'>habentes</span> <span class='ocrx_word' id='word_1_127' title='bbox 1487 2125 1553 2186; x_wconf 90' lang='lat' dir='ltr'>sin-</span> 
     </span>
     <span class='ocr_line' id='line_1_16' title="bbox 409 2219 1604 2306; baseline 0.005 -22"><span class='ocrx_word' id='word_1_128' title='bbox 409 2219 506 2305; x_wconf 83' lang='lat' dir='ltr'>gulae</span> <span class='ocrx_word' id='word_1_129' title='bbox 534 2230 600 2284; x_wconf 90' lang='lat' dir='ltr'>tres</span> <span class='ocrx_word' id='word_1_130' title='bbox 628 2221 753 2306; x_wconf 89' lang='lat' dir='ltr'>species</span> <span class='ocrx_word' id='word_1_131' title='bbox 777 2221 973 2302; x_wconf 74' lang='lat' dir='ltr'>ornationiS‚</span> <span class='ocrx_word' id='word_1_132' title='bbox 997 2242 1175 2306; x_wconf 86' lang='lat' dir='ltr'>quaecum</span> <span class='ocrx_word' id='word_1_133' title='bbox 1198 2231 1255 2285; x_wconf 90' lang='lat' dir='ltr'>aut</span> <span class='ocrx_word' id='word_1_134' title='bbox 1276 2220 1461 2286; x_wconf 88' lang='lat' dir='ltr'>fabularum</span> <span class='ocrx_word' id='word_1_135' title='bbox 1483 2244 1604 2291; x_wconf 77' lang='lat' dir='ltr'>mir-15</span> 
     </span>
     <span class='ocr_line' id='line_1_17' title="bbox 409 2320 1552 2387; baseline 0.002 -2"><span class='ocrx_word' id='word_1_136' title='bbox 409 2323 550 2386; x_wconf 85' lang='lat' dir='ltr'>tationes</span> <span class='ocrx_word' id='word_1_137' title='bbox 579 2330 656 2385; x_wconf 91' lang='lat' dir='ltr'>sunt</span> <span class='ocrx_word' id='word_1_138' title='bbox 683 2320 812 2384; x_wconf 88' lang='lat' dir='ltr'>futurae</span> <span class='ocrx_word' id='word_1_139' title='bbox 841 2343 898 2384; x_wconf 92' lang='lat' dir='ltr'>seu</span> <span class='ocrx_word' id='word_1_140' title='bbox 926 2321 1061 2384; x_wconf 91' lang='lat' dir='ltr'>deorum</span> <span class='ocrx_word' id='word_1_141' title='bbox 1088 2322 1251 2385; x_wconf 87' lang='lat' dir='ltr'>adventus</span> <span class='ocrx_word' id='word_1_142' title='bbox 1280 2343 1354 2384; x_wconf 91' lang='lat' dir='ltr'>cum</span> <span class='ocrx_word' id='word_1_143' title='bbox 1377 2323 1552 2387; x_wconf 88' lang='lat' dir='ltr'>tonitribus</span> 
     </span>
     <span class='ocr_line' id='line_1_18' title="bbox 408 2423 1553 2510; baseline 0 -23"><span class='ocrx_word' id='word_1_144' title='bbox 408 2425 604 2510; x_wconf 84' lang='lat' dir='ltr'>repentinis,</span> <span class='ocrx_word' id='word_1_145' title='bbox 628 2431 800 2486; x_wconf 88' lang='lat' dir='ltr'>versentur</span> <span class='ocrx_word' id='word_1_146' title='bbox 814 2430 1006 2508; x_wconf 90' lang='lat' dir='ltr'>mutentque</span> <span class='ocrx_word' id='word_1_147' title='bbox 1020 2425 1163 2507; x_wconf 87' lang='lat' dir='ltr'>speciem</span> <span class='ocrx_word' id='word_1_148' title='bbox 1178 2424 1356 2487; x_wconf 90' lang='lat' dir='ltr'>ornationis</span> <span class='ocrx_word' id='word_1_149' title='bbox 1378 2425 1413 2486; x_wconf 91' lang='lat' dir='ltr'>in</span> <span class='ocrx_word' id='word_1_150' title='bbox 1434 2423 1553 2487; x_wconf 89' lang='lat' dir='ltr'>fronte.</span> 
     </span>
     <span class='ocr_line' id='line_1_19' title="bbox 409 2523 1552 2609; baseline 0.001 -21"><span class='ocrx_word' id='word_1_151' title='bbox 409 2525 589 2589; x_wconf 92' lang='lat' dir='ltr'>secundum</span> <span class='ocrx_word' id='word_1_152' title='bbox 612 2546 650 2587; x_wconf 91' lang='lat' dir='ltr'>ea</span> <span class='ocrx_word' id='word_1_153' title='bbox 671 2523 742 2588; x_wconf 89' lang='lat' dir='ltr'>loca</span> <span class='ocrx_word' id='word_1_154' title='bbox 764 2545 918 2586; x_wconf 88' lang='lat' dir='ltr'>versurae</span> <span class='ocrx_word' id='word_1_155' title='bbox 941 2532 1016 2586; x_wconf 91' lang='lat' dir='ltr'>sunt</span> <span class='ocrx_word' id='word_1_156' title='bbox 1038 2533 1276 2609; x_wconf 82' lang='lat' dir='ltr'>procurrentes,</span> <span class='ocrx_word' id='word_1_157' title='bbox 1299 2546 1382 2609; x_wconf 89' lang='lat' dir='ltr'>quae</span> <span class='ocrx_word' id='word_1_158' title='bbox 1404 2526 1552 2589; x_wconf 87' lang='lat' dir='ltr'>efficiunt</span> 
     </span>
     <span class='ocr_line' id='line_1_20' title="bbox 407 2624 1636 2711; baseline 0.002 -20"><span class='ocrx_word' id='word_1_159' title='bbox 407 2649 474 2691; x_wconf 89' lang='lat' dir='ltr'>una</span> <span class='ocrx_word' id='word_1_160' title='bbox 506 2649 526 2689; x_wconf 90' lang='lat' dir='ltr'>a</span> <span class='ocrx_word' id='word_1_161' title='bbox 559 2626 645 2709; x_wconf 82' lang='lat' dir='ltr'>foro,</span> <span class='ocrx_word' id='word_1_162' title='bbox 678 2624 781 2689; x_wconf 86' lang='lat' dir='ltr'>altera</span> <span class='ocrx_word' id='word_1_163' title='bbox 802 2646 822 2686; x_wconf 90' lang='lat' dir='ltr'>a</span> <span class='ocrx_word' id='word_1_164' title='bbox 845 2645 980 2710; x_wconf 88' lang='lat' dir='ltr'>peregre</span> <span class='ocrx_word' id='word_1_165' title='bbox 1011 2624 1121 2689; x_wconf 88' lang='lat' dir='ltr'>aditus</span> <span class='ocrx_word' id='word_1_166' title='bbox 1153 2626 1189 2688; x_wconf 92' lang='lat' dir='ltr'>in</span> <span class='ocrx_word' id='word_1_167' title='bbox 1221 2646 1381 2690; x_wconf 81' lang='lat' dir='ltr'>scaenam.</span> <span class='ocrx_word' id='word_1_168' title='bbox 1430 2649 1551 2711; x_wconf 88' lang='lat' dir='ltr'>genera</span> <span class='ocrx_word' id='word_1_169' title='bbox 1569 2644 1636 2695; x_wconf 82' lang='lat' dir='ltr'>vill</span> 
     </span>
     <span class='ocr_line' id='line_1_21' title="bbox 407 2716 1602 2814; baseline 0.003 -22"><span class='ocrx_word' id='word_1_170' title='bbox 407 2738 517 2793; x_wconf 90' lang='lat' dir='ltr'>autem</span> <span class='ocrx_word' id='word_1_171' title='bbox 539 2738 615 2793; x_wconf 91' lang='lat' dir='ltr'>sunt</span> <span class='ocrx_word' id='word_1_172' title='bbox 628 2716 819 2791; x_wconf 82' lang='lat' dir='ltr'>scaenarum</span> <span class='ocrx_word' id='word_1_173' title='bbox 836 2726 909 2809; x_wconf 86' lang='lat' dir='ltr'>tria,</span> <span class='ocrx_word' id='word_1_174' title='bbox 932 2748 1035 2789; x_wconf 91' lang='lat' dir='ltr'>unum</span> <span class='ocrx_word' id='word_1_175' title='bbox 1057 2725 1144 2814; x_wconf 92' lang='lat' dir='ltr'>quod</span> <span class='ocrx_word' id='word_1_176' title='bbox 1167 2726 1288 2790; x_wconf 90' lang='lat' dir='ltr'>dieitur</span> <span class='ocrx_word' id='word_1_177' title='bbox 1310 2728 1481 2814; x_wconf 79' lang='lat' dir='ltr'>tragicum,</span> <span class='ocrx_word' id='word_1_178' title='bbox 1504 2728 1550 2791; x_wconf 92' lang='lat' dir='ltr'>al·</span> <span class='ocrx_word' id='word_1_179' title='bbox 1568 2748 1602 2796; x_wconf 78' lang='lat' dir='ltr'>nc</span> 
     </span>
     <span class='ocr_line' id='line_1_22' title="bbox 408 2829 1620 2920; baseline 0 -24"><span class='ocrx_word' id='word_1_180' title='bbox 408 2842 513 2896; x_wconf 88' lang='lat' dir='ltr'>terum</span> <span class='ocrx_word' id='word_1_181' title='bbox 540 2832 717 2912; x_wconf 83' lang='lat' dir='ltr'>comicum,</span> <span class='ocrx_word' id='word_1_182' title='bbox 746 2830 878 2893; x_wconf 90' lang='lat' dir='ltr'>tertium</span> <span class='ocrx_word' id='word_1_183' title='bbox 905 2831 1093 2914; x_wconf 85' lang='lat' dir='ltr'>satyricum.</span> <span class='ocrx_word' id='word_1_184' title='bbox 1142 2829 1257 2894; x_wconf 91' lang='lat' dir='ltr'>horum</span> <span class='ocrx_word' id='word_1_185' title='bbox 1286 2839 1395 2895; x_wconf 88' lang='lat' dir='ltr'>autem</span> <span class='ocrx_word' id='word_1_186' title='bbox 1417 2841 1550 2896; x_wconf 87' lang='lat' dir='ltr'>o1natus</span> <span class='ocrx_word' id='word_1_187' title='bbox 1611 2904 1620 2920; x_wconf 44' lang='lat'><strong>·</strong></span> 
     </span>
     <span class='ocr_line' id='line_1_23' title="bbox 407 2929 1548 3018; baseline 0 -21"><span class='ocrx_word' id='word_1_188' title='bbox 407 2943 485 2997; x_wconf 90' lang='lat' dir='ltr'>sunt</span> <span class='ocrx_word' id='word_1_189' title='bbox 505 2934 591 2996; x_wconf 91' lang='lat' dir='ltr'>inter</span> <span class='ocrx_word' id='word_1_190' title='bbox 612 2954 647 2996; x_wconf 92' lang='lat' dir='ltr'>se</span> <span class='ocrx_word' id='word_1_191' title='bbox 670 2931 824 2996; x_wconf 90' lang='lat' dir='ltr'>dissimili</span> <span class='ocrx_word' id='word_1_192' title='bbox 846 2929 1036 3016; x_wconf 88' lang='lat' dir='ltr'>disparique</span> <span class='ocrx_word' id='word_1_193' title='bbox 1057 2933 1193 3014; x_wconf 84' lang='lat' dir='ltr'>ratione,</span> <span class='ocrx_word' id='word_1_194' title='bbox 1217 2931 1305 3018; x_wconf 90' lang='lat' dir='ltr'>quod</span> <span class='ocrx_word' id='word_1_195' title='bbox 1328 2934 1471 3017; x_wconf 84' lang='lat' dir='ltr'>tragicae</span> <span class='ocrx_word' id='word_1_196' title='bbox 1494 2933 1548 2997; x_wconf 90' lang='lat' dir='ltr'>de·</span> 
     </span>
     <span class='ocr_line' id='line_1_24' title="bbox 407 3023 1548 3122; baseline 0.001 -24"><span class='ocrx_word' id='word_1_197' title='bbox 407 3036 588 3100; x_wconf 85' lang='lat' dir='ltr'>formantur</span> <span class='ocrx_word' id='word_1_198' title='bbox 615 3032 774 3097; x_wconf 89' lang='lat' dir='ltr'>columnis</span> <span class='ocrx_word' id='word_1_199' title='bbox 803 3042 836 3096; x_wconf 92' lang='lat' dir='ltr'>et</span> <span class='ocrx_word' id='word_1_200' title='bbox 866 3030 1010 3116; x_wconf 87' lang='lat' dir='ltr'>fastigiis</span> <span class='ocrx_word' id='word_1_201' title='bbox 1039 3043 1072 3097; x_wconf 91' lang='lat' dir='ltr'>et</span> <span class='ocrx_word' id='word_1_202' title='bbox 1099 3023 1203 3118; x_wconf 83' lang='lat' dir='ltr'>signis</span> <span class='ocrx_word' id='word_1_203' title='bbox 1230 3032 1430 3121; x_wconf 88' lang='lat' dir='ltr'>reliquisque</span> <span class='ocrx_word' id='word_1_204' title='bbox 1455 3057 1548 3122; x_wconf 84' lang='lat' dir='ltr'>rega-</span> 
     </span>
     <span class='ocr_line' id='line_1_25' title="bbox 406 3133 1549 3222; baseline 0.001 -23"><span class='ocrx_word' id='word_1_205' title='bbox 406 3136 495 3200; x_wconf 85' lang='lat' dir='ltr'>libus</span> <span class='ocrx_word' id='word_1_206' title='bbox 508 3135 618 3217; x_wconf 87' lang='lat' dir='ltr'>rebus,</span> <span class='ocrx_word' id='word_1_207' title='bbox 642 3136 785 3199; x_wconf 87' lang='lat' dir='ltr'>comicae</span> <span class='ocrx_word' id='word_1_208' title='bbox 807 3143 918 3197; x_wconf 86' lang='lat' dir='ltr'>autern</span> <span class='ocrx_word' id='word_1_209' title='bbox 938 3133 1163 3199; x_wconf 88' lang='lat' dir='ltr'>aedificiorum</span> <span class='ocrx_word' id='word_1_210' title='bbox 1183 3137 1387 3222; x_wconf 86' lang='lat' dir='ltr'>privatorum</span> <span class='ocrx_word' id='word_1_211' title='bbox 1409 3146 1441 3200; x_wconf 92' lang='lat' dir='ltr'>et</span> <span class='ocrx_word' id='word_1_212' title='bbox 1463 3159 1549 3200; x_wconf 91' lang='lat' dir='ltr'>mae-</span> 
     </span>
     <span class='ocr_line' id='line_1_26' title="bbox 405 3236 1599 3324; baseline 0.004 -23"><span class='ocrx_word' id='word_1_213' title='bbox 405 3239 578 3302; x_wconf 91' lang='lat' dir='ltr'>nianorum</span> <span class='ocrx_word' id='word_1_214' title='bbox 604 3236 727 3300; x_wconf 87' lang='lat' dir='ltr'>habent</span> <span class='ocrx_word' id='word_1_215' title='bbox 754 3236 897 3321; x_wconf 91' lang='lat' dir='ltr'>speciem</span> <span class='ocrx_word' id='word_1_216' title='bbox 918 3245 1174 3322; x_wconf 88' lang='lat' dir='ltr'>prospectusque</span> <span class='ocrx_word' id='word_1_217' title='bbox 1196 3236 1349 3300; x_wconf 88' lang='lat' dir='ltr'>fenestris</span> <span class='ocrx_word' id='word_1_218' title='bbox 1372 3238 1548 3324; x_wconf 90' lang='lat' dir='ltr'>dispositos</span> <span class='ocrx_word' id='word_1_219' title='bbox 1566 3259 1599 3307; x_wconf 76' lang='lat'>25</span> 
     </span>
     <span class='ocr_line' id='line_1_27' title="bbox 406 3335 1560 3425; baseline 0.001 -22"><span class='ocrx_word' id='word_1_220' title='bbox 406 3340 589 3403; x_wconf 82' lang='lat' dir='ltr'>imitatione</span> <span class='ocrx_word' id='word_1_221' title='bbox 604 3337 824 3402; x_wconf 91' lang='lat' dir='ltr'>communium</span> <span class='ocrx_word' id='word_1_222' title='bbox 838 3335 1060 3402; x_wconf 88' lang='lat' dir='ltr'>aedificiorum</span> <span class='ocrx_word' id='word_1_223' title='bbox 1075 3337 1273 3420; x_wconf 87' lang='lat' dir='ltr'>rationibus,</span> <span class='ocrx_word' id='word_1_224' title='bbox 1294 3340 1455 3425; x_wconf 88' lang='lat' dir='ltr'>satyricae</span> <span class='ocrx_word' id='word_1_225' title='bbox 1470 3362 1560 3414; x_wconf 72' lang='lat' dir='ltr'>vero¹</span> 
     </span>
     <span class='ocr_line' id='line_1_28' title="bbox 406 3436 1548 3526; baseline 0 -20"><span class='ocrx_word' id='word_1_226' title='bbox 406 3450 563 3506; x_wconf 89' lang='lat' dir='ltr'>ornantur</span> <span class='ocrx_word' id='word_1_227' title='bbox 577 3438 749 3504; x_wconf 88' lang='lat' dir='ltr'>arboribus</span> <span class='ocrx_word' id='word_1_228' title='bbox 771 3436 931 3524; x_wconf 89' lang='lat' dir='ltr'>speluncis</span> <span class='ocrx_word' id='word_1_229' title='bbox 954 3439 1119 3503; x_wconf 90' lang='lat' dir='ltr'>montibus</span> <span class='ocrx_word' id='word_1_230' title='bbox 1142 3439 1342 3526; x_wconf 90' lang='lat' dir='ltr'>reliquisque</span> <span class='ocrx_word' id='word_1_231' title='bbox 1363 3442 1548 3526; x_wconf 87' lang='lat' dir='ltr'>agrestibus</span> 
     </span>
     <span class='ocr_line' id='line_1_29' title="bbox 405 3539 1100 3626; baseline -0.001 -21"><span class='ocrx_word' id='word_1_232' title='bbox 405 3543 502 3615; x_wconf 86' lang='lat' dir='ltr'>rebus</span> <span class='ocrx_word' id='word_1_233' title='bbox 525 3543 560 3604; x_wconf 91' lang='lat' dir='ltr'>in</span> <span class='ocrx_word' id='word_1_234' title='bbox 581 3540 713 3626; x_wconf 89' lang='lat' dir='ltr'>topiarii</span> <span class='ocrx_word' id='word_1_235' title='bbox 735 3540 877 3626; x_wconf 89' lang='lat' dir='ltr'>speciem</span> <span class='ocrx_word' id='word_1_236' title='bbox 899 3539 1100 3606; x_wconf 89' lang='lat' dir='ltr'>deformatis.</span> 
     </span>
    </p>

    <p class='ocr_par' dir='ltr' id='par_1_4' title="bbox 315 3641 1550 3717">
     <span class='ocr_line' id='line_1_30' title="bbox 315 3641 1550 3717; baseline 0.004 -15"><span class='ocrx_word' id='word_1_237' title='bbox 315 3650 386 3717; x_wconf 83' lang='lat' dir='ltr'>(vll)</span> <span class='ocrx_word' id='word_1_238' title='bbox 476 3645 531 3708; x_wconf 89' lang='lat' dir='ltr'>-In</span> <span class='ocrx_word' id='word_1_239' title='bbox 545 3641 745 3714; x_wconf 80' lang='lat' dir='ltr'>Graecorum</span> <span class='ocrx_word' id='word_1_240' title='bbox 767 3641 903 3706; x_wconf 87' lang='lat' dir='ltr'>theatris</span> <span class='ocrx_word' id='word_1_241' title='bbox 925 3665 991 3705; x_wconf 90' lang='lat' dir='ltr'>non</span> <span class='ocrx_word' id='word_1_242' title='bbox 1012 3644 1121 3707; x_wconf 90' lang='lat' dir='ltr'>omnia</span> <span class='ocrx_word' id='word_1_243' title='bbox 1141 3643 1246 3707; x_wconf 90' lang='lat' dir='ltr'>isdem</span> <span class='ocrx_word' id='word_1_244' title='bbox 1267 3643 1450 3709; x_wconf 89' lang='lat' dir='ltr'>rationibus</span> <span class='ocrx_word' id='word_1_245' title='bbox 1474 3653 1550 3709; x_wconf 91' lang='lat' dir='ltr'>sunt</span> 
     </span>
    </p>
   </div>
   <div class='ocr_carea' id='block_1_3' title="bbox 401 3845 1546 4672">
    <p class='ocr_par' dir='ltr' id='par_1_5' title="bbox 401 3845 1546 4672">
     <span class='ocr_line' id='line_1_31' title="bbox 475 3845 1546 3914; baseline 0.001 -16"><span class='ocrx_word' id='word_1_246' title='bbox 475 3850 488 3898; x_wconf 95' lang='grc'>1</span> <span class='ocrx_word' id='word_1_247' title='bbox 507 3848 663 3899; x_wconf 86' lang='lat' dir='ltr'>diazomata</span> <span class='ocrx_word' id='word_1_248' title='bbox 675 3849 745 3900; x_wconf 73' lang='lat' dir='ltr'>dea:</span> <span class='ocrx_word' id='word_1_249' title='bbox 764 3847 921 3898; x_wconf 80' lang='lat' dir='ltr'>diarumata</span> <span class='ocrx_word' id='word_1_250' title='bbox 941 3845 1061 3914; x_wconf 80' lang='lat' dir='ltr'><em>GH.113</em></span> <span class='ocrx_word' id='word_1_251' title='bbox 1079 3849 1114 3899; x_wconf 90' lang='lat' dir='ltr'>ab</span> <span class='ocrx_word' id='word_1_252' title='bbox 1129 3849 1287 3913; x_wconf 86' lang='lat' dir='ltr'>symmetria</span> <span class='ocrx_word' id='word_1_253' title='bbox 1301 3850 1352 3899; x_wconf 82' lang='lat' dir='ltr'>GH</span> <span class='ocrx_word' id='word_1_254' title='bbox 1370 3850 1412 3911; x_wconf 86' lang='lat' dir='ltr'>(L,</span> <span class='ocrx_word' id='word_1_255' title='bbox 1431 3851 1467 3900; x_wconf 89' lang='lat' dir='ltr'>ad</span> <span class='ocrx_word' id='word_1_256' title='bbox 1476 3867 1546 3914; x_wconf 87' lang='lat' dir='ltr'>sym-</span> 
     </span>
     <span class='ocr_line' id='line_1_32' title="bbox 404 3929 1546 4000; baseline -0.003 -16"><span class='ocrx_word' id='word_1_257' title='bbox 404 3934 505 3984; x_wconf 85' lang='lat' dir='ltr'>metria</span> <span class='ocrx_word' id='word_1_258' title='bbox 523 3930 568 3999; x_wconf 85' lang='lat' dir='ltr'>lc).</span> <span class='ocrx_word' id='word_1_259' title='bbox 594 3929 606 3999; x_wconf 83' lang='grc' dir='ltr'>ΙΙ</span> <span class='ocrx_word' id='word_1_260' title='bbox 634 3932 790 3999; x_wconf 58' lang='lat' dir='ltr'>§defuerit</span> <span class='ocrx_word' id='word_1_261' title='bbox 808 3933 892 3981; x_wconf 71' lang='lat' dir='ltr'>Mon:</span> <span class='ocrx_word' id='word_1_262' title='bbox 916 3934 1006 3982; x_wconf 85' lang='lat' dir='ltr'>-rint</span> <span class='ocrx_word' id='word_1_263' title='bbox 1025 3934 1084 3984; x_wconf 83' lang='lat' dir='ltr'>GH.</span> <span class='ocrx_word' id='word_1_264' title='bbox 1107 3929 1120 3998; x_wconf 82' lang='lat'>1]</span> <span class='ocrx_word' id='word_1_265' title='bbox 1143 3935 1174 3983; x_wconf 86' lang='lat'>10</span> <span class='ocrx_word' id='word_1_266' title='bbox 1192 3933 1347 3997; x_wconf 84' lang='lat' dir='ltr'>explicatas</span> <span class='ocrx_word' id='word_1_267' title='bbox 1359 3936 1412 3983; x_wconf 76' lang='lat' dir='ltr'>ed:</span> <span class='ocrx_word' id='word_1_268' title='bbox 1432 3934 1546 4000; x_wconf 84' lang='lat' dir='ltr'>explici·</span> 
     </span>
     <span class='ocr_line' id='line_1_33' title="bbox 404 4013 1545 4082; baseline -0.003 -14"><span class='ocrx_word' id='word_1_269' title='bbox 404 4022 450 4068; x_wconf 81' lang='lat' dir='ltr'>tas</span> <span class='ocrx_word' id='word_1_270' title='bbox 470 4018 528 4068; x_wconf 83' lang='lat' dir='ltr'>GH.</span> <span class='ocrx_word' id='word_1_271' title='bbox 550 4013 563 4082; x_wconf 84' lang='grc' dir='ltr'>ΙΙ</span> <span class='ocrx_word' id='word_1_272' title='bbox 587 4019 618 4067; x_wconf 84' lang='grc'>13</span> <span class='ocrx_word' id='word_1_273' title='bbox 635 4018 775 4082; x_wconf 85' lang='lat' dir='ltr'>periaetus</span> <span class='ocrx_word' id='word_1_274' title='bbox 795 4018 845 4067; x_wconf 84' lang='lat' dir='ltr'>GH</span> <span class='ocrx_word' id='word_1_275' title='bbox 864 4014 906 4081; x_wconf 81' lang='lat' dir='ltr'>(Ic,</span> <span class='ocrx_word' id='word_1_276' title='bbox 925 4016 1084 4082; x_wconf 74' lang='lat' dir='ltr'>periiaetus</span> <span class='ocrx_word' id='word_1_277' title='bbox 1103 4017 1148 4079; x_wconf 84' lang='lat' dir='ltr'>L).</span> <span class='ocrx_word' id='word_1_278' title='bbox 1164 4014 1177 4081; x_wconf 80' lang='lat' dir='ltr'>ll</span> <span class='ocrx_word' id='word_1_279' title='bbox 1195 4017 1226 4064; x_wconf 88' lang='grc'>14</span> <span class='ocrx_word' id='word_1_280' title='bbox 1242 4017 1369 4082; x_wconf 87' lang='lat' dir='ltr'>trigonoe</span> <span class='ocrx_word' id='word_1_281' title='bbox 1387 4017 1477 4066; x_wconf 74' lang='lat' dir='ltr'>Scia:</span> <span class='ocrx_word' id='word_1_282' title='bbox 1498 4019 1545 4066; x_wconf 89' lang='lat' dir='ltr'>tri-</span> 
     </span>
     <span class='ocr_line' id='line_1_34' title="bbox 403 4098 1546 4166; baseline -0.002 -15"><span class='ocrx_word' id='word_1_283' title='bbox 403 4116 491 4166; x_wconf 84' lang='lat' dir='ltr'>gones</span> <span class='ocrx_word' id='word_1_284' title='bbox 512 4101 541 4162; x_wconf 78' lang='grc' dir='ltr'>θ,</span> <span class='ocrx_word' id='word_1_285' title='bbox 559 4102 683 4165; x_wconf 82' lang='lat' dir='ltr'>trigenos</span> <span class='ocrx_word' id='word_1_286' title='bbox 700 4103 729 4150; x_wconf 90' lang='lat' dir='ltr'><em>H</em></span> <span class='ocrx_word' id='word_1_287' title='bbox 747 4099 826 4166; x_wconf 76' lang='lat' dir='ltr'>(Lis).</span> <span class='ocrx_word' id='word_1_288' title='bbox 846 4098 858 4166; x_wconf 78' lang='grc' dir='ltr'>ΙΙ</span> <span class='ocrx_word' id='word_1_289' title='bbox 879 4102 1007 4165; x_wconf 84' lang='lat' dir='ltr'>singulae</span> <span class='ocrx_word' id='word_1_290' title='bbox 1025 4102 1110 4154; x_wconf 66' lang='lat' dir='ltr'>Mun:</span> <span class='ocrx_word' id='word_1_291' title='bbox 1129 4099 1270 4164; x_wconf 86' lang='lat' dir='ltr'>insingula</span> <span class='ocrx_word' id='word_1_292' title='bbox 1290 4101 1340 4150; x_wconf 82' lang='lat' dir='ltr'>GH</span> <span class='ocrx_word' id='word_1_293' title='bbox 1358 4100 1430 4163; x_wconf 80' lang='lat' dir='ltr'>(sort.</span> <span class='ocrx_word' id='word_1_294' title='bbox 1449 4101 1478 4149; x_wconf 92' lang='lat' dir='ltr'>in</span> <span class='ocrx_word' id='word_1_295' title='bbox 1491 4101 1546 4152; x_wconf 91' lang='lat' dir='ltr'>sin-</span> 
     </span>
     <span class='ocr_line' id='line_1_35' title="bbox 403 4180 1542 4252; baseline 0 -18"><span class='ocrx_word' id='word_1_296' title='bbox 403 4185 470 4250; x_wconf 81' lang='lat' dir='ltr'>gula</span> <span class='ocrx_word' id='word_1_297' title='bbox 487 4185 599 4248; x_wconf 88' lang='lat' dir='ltr'>latera).</span> <span class='ocrx_word' id='word_1_298' title='bbox 625 4182 637 4250; x_wconf 78' lang='lat' dir='ltr'>l}</span> <span class='ocrx_word' id='word_1_299' title='bbox 661 4187 693 4236; x_wconf 81' lang='lat'>15</span> <span class='ocrx_word' id='word_1_300' title='bbox 710 4186 915 4248; x_wconf 84' lang='lat' dir='ltr'>ornationisque</span> <span class='ocrx_word' id='word_1_301' title='bbox 932 4194 992 4235; x_wconf 83' lang='lat' dir='ltr'>ante</span> <span class='ocrx_word' id='word_1_302' title='bbox 1009 4201 1078 4236; x_wconf 86' lang='lat' dir='ltr'>corr.</span> <span class='ocrx_word' id='word_1_303' title='bbox 1098 4185 1133 4234; x_wconf 84' lang='lat' dir='ltr'>G:</span> <span class='ocrx_word' id='word_1_304' title='bbox 1152 4183 1361 4246; x_wconf 84' lang='lat' dir='ltr'>ornationesque</span> <span class='ocrx_word' id='word_1_305' title='bbox 1381 4186 1409 4233; x_wconf 89' lang='lat' dir='ltr'><em>H</em></span> <span class='ocrx_word' id='word_1_306' title='bbox 1427 4180 1507 4249; x_wconf 76' lang='lat' dir='ltr'>(Lis),</span> <span class='ocrx_word' id='word_1_307' title='bbox 1529 4183 1542 4252; x_wconf 77' lang='grc' dir='ltr'>Η</span> 
     </span>
     <span class='ocr_line' id='line_1_36' title="bbox 402 4265 1543 4335; baseline 0 -16"><span class='ocrx_word' id='word_1_308' title='bbox 402 4271 569 4320; x_wconf 83' lang='lat' dir='ltr'>mutationes</span> <span class='ocrx_word' id='word_1_309' title='bbox 588 4270 610 4319; x_wconf 84' lang='lat' dir='ltr'><em>G</em></span> <span class='ocrx_word' id='word_1_310' title='bbox 631 4266 693 4335; x_wconf 82' lang='lat' dir='ltr'><em>(L):</em></span> <span class='ocrx_word' id='word_1_311' title='bbox 712 4269 872 4318; x_wconf 86' lang='lat' dir='ltr'>mutationis</span> <span class='ocrx_word' id='word_1_312' title='bbox 890 4270 919 4318; x_wconf 93' lang='lat' dir='ltr'><em>H</em></span> <span class='ocrx_word' id='word_1_313' title='bbox 938 4269 999 4331; x_wconf 76' lang='lat' dir='ltr'>(ch).</span> <span class='ocrx_word' id='word_1_314' title='bbox 1023 4265 1036 4334; x_wconf 77' lang='grc' dir='ltr'>Η</span> <span class='ocrx_word' id='word_1_315' title='bbox 1061 4271 1093 4319; x_wconf 81' lang='grc'>17</span> <span class='ocrx_word' id='word_1_316' title='bbox 1111 4265 1320 4333; x_wconf 87' lang='lat' dir='ltr'>repentinislea</span> <span class='ocrx_word' id='word_1_317' title='bbox 1341 4273 1487 4318; x_wconf 84' lang='lat' dir='ltr'>versentur</span> <span class='ocrx_word' id='word_1_318' title='bbox 1512 4271 1543 4335; x_wconf 74' lang='grc' dir='ltr'>(ἶ,</span> 
     </span>
     <span class='ocr_line' id='line_1_37' title="bbox 402 4349 1545 4422; baseline -0.003 -17"><span class='ocrx_word' id='word_1_319' title='bbox 402 4352 591 4422; x_wconf 71' lang='lat' dir='ltr'>relpentinise</span> <span class='ocrx_word' id='word_1_320' title='bbox 614 4357 777 4404; x_wconf 86' lang='lat' dir='ltr'>aversentur</span> <span class='ocrx_word' id='word_1_321' title='bbox 794 4353 823 4400; x_wconf 93' lang='lat' dir='ltr'><em>H</em></span> <span class='ocrx_word' id='word_1_322' title='bbox 846 4349 891 4415; x_wconf 82' lang='lat' dir='ltr'>(lc,</span> <span class='ocrx_word' id='word_1_323' title='bbox 916 4354 1070 4418; x_wconf 86' lang='lat' dir='ltr'>repentinis</span> <span class='ocrx_word' id='word_1_324' title='bbox 1092 4356 1255 4402; x_wconf 81' lang='lat' dir='ltr'>aversentur</span> <span class='ocrx_word' id='word_1_325' title='bbox 1272 4351 1316 4414; x_wconf 85' lang='lat' dir='ltr'>L).</span> <span class='ocrx_word' id='word_1_326' title='bbox 1353 4368 1388 4401; x_wconf 87' lang='lat' dir='ltr'>ea</span> <span class='ocrx_word' id='word_1_327' title='bbox 1411 4351 1457 4415; x_wconf 74' lang='lat' dir='ltr'>(erc</span> <span class='ocrx_word' id='word_1_328' title='bbox 1472 4355 1545 4416; x_wconf 83' lang='lat' dir='ltr'>falsa</span> 
     </span>
     <span class='ocr_line' id='line_1_38' title="bbox 401 4432 1544 4502; baseline -0.001 -12"><span class='ocrx_word' id='word_1_329' title='bbox 401 4441 564 4490; x_wconf 67' lang='lat' dir='ltr'>diadmtione</span> <span class='ocrx_word' id='word_1_330' title='bbox 581 4455 603 4488; x_wconf 85' lang='lat' dir='ltr'>o.</span> <span class='ocrx_word' id='word_1_331' title='bbox 618 4442 650 4488; x_wconf 86' lang='lat'>15</span> <span class='ocrx_word' id='word_1_332' title='bbox 667 4438 879 4500; x_wconf 88' lang='lat' dir='ltr'>ornationesque</span> <span class='ocrx_word' id='word_1_333' title='bbox 891 4472 896 4484; x_wconf 93' lang='lat'>.</span> <span class='ocrx_word' id='word_1_334' title='bbox 908 4451 970 4485; x_wconf 90' lang='lat' dir='ltr'>cum</span> <span class='ocrx_word' id='word_1_335' title='bbox 983 4473 989 4484; x_wconf 93' lang='lat'>.</span> <span class='ocrx_word' id='word_1_336' title='bbox 1002 4473 1007 4484; x_wconf 92' lang='lat'>.</span> <span class='ocrx_word' id='word_1_337' title='bbox 1020 4435 1143 4501; x_wconf 75' lang='lat' dir='ltr'>additum)</span> <span class='ocrx_word' id='word_1_338' title='bbox 1157 4438 1206 4486; x_wconf 85' lang='lat' dir='ltr'>del.</span> <span class='ocrx_word' id='word_1_339' title='bbox 1221 4439 1261 4487; x_wconf 85' lang='lat' dir='ltr'>ed.</span> <span class='ocrx_word' id='word_1_340' title='bbox 1277 4432 1289 4502; x_wconf 78' lang='lat' dir='ltr'>ll</span> <span class='ocrx_word' id='word_1_341' title='bbox 1304 4436 1333 4485; x_wconf 91' lang='lat' dir='ltr'>in</span> <span class='ocrx_word' id='word_1_342' title='bbox 1347 4436 1437 4487; x_wconf 85' lang='lat' dir='ltr'>fronte</span> <span class='ocrx_word' id='word_1_343' title='bbox 1450 4439 1544 4489; x_wconf 63' lang='lat' dir='ltr'>Pena:</span> 
     </span>
     <span class='ocr_line' id='line_1_39' title="bbox 401 4516 1542 4588; baseline -0.002 -15"><span class='ocrx_word' id='word_1_344' title='bbox 401 4525 431 4573; x_wconf 92' lang='lat' dir='ltr'>in</span> <span class='ocrx_word' id='word_1_345' title='bbox 449 4524 555 4574; x_wconf 85' lang='lat' dir='ltr'>frontes</span> <span class='ocrx_word' id='word_1_346' title='bbox 574 4523 631 4573; x_wconf 80' lang='lat' dir='ltr'>GH.</span> <span class='ocrx_word' id='word_1_347' title='bbox 655 4518 669 4588; x_wconf 83' lang='grc' dir='ltr'>ΙΙ</span> <span class='ocrx_word' id='word_1_348' title='bbox 692 4525 723 4572; x_wconf 87' lang='grc'>19</span> <span class='ocrx_word' id='word_1_349' title='bbox 746 4536 847 4587; x_wconf 87' lang='lat' dir='ltr'>apgere</span> <span class='ocrx_word' id='word_1_350' title='bbox 867 4521 896 4570; x_wconf 84' lang='lat' dir='ltr'>G.</span> <span class='ocrx_word' id='word_1_351' title='bbox 919 4516 932 4587; x_wconf 79' lang='grc'>11</span> <span class='ocrx_word' id='word_1_352' title='bbox 959 4521 1074 4585; x_wconf 66' lang='lat' dir='ltr'>tuscana</span> <span class='ocrx_word' id='word_1_353' title='bbox 1091 4521 1129 4570; x_wconf 75' lang='lat' dir='ltr'>bis</span> <span class='ocrx_word' id='word_1_354' title='bbox 1144 4522 1230 4584; x_wconf 83' lang='lat' dir='ltr'>posuit</span> <span class='ocrx_word' id='word_1_355' title='bbox 1248 4521 1269 4570; x_wconf 84' lang='lat' dir='ltr'><em>G</em></span> <span class='ocrx_word' id='word_1_356' title='bbox 1288 4518 1371 4586; x_wconf 72' lang='lat' dir='ltr'>(prius</span> <span class='ocrx_word' id='word_1_357' title='bbox 1389 4524 1438 4573; x_wconf 86' lang='lat' dir='ltr'>dei.</span> <span class='ocrx_word' id='word_1_358' title='bbox 1460 4522 1516 4586; x_wconf 76' lang='lat'><strong>⁶⁶).</strong></span> <span class='ocrx_word' id='word_1_359' title='bbox 1530 4520 1542 4586; x_wconf 77' lang='grc' dir='ltr'>Η</span> 
     </span>
     <span class='ocr_line' id='line_1_40' title="bbox 401 4600 1542 4672; baseline -0.001 -15"><span class='ocrx_word' id='word_1_360' title='bbox 401 4607 435 4658; x_wconf 80' lang='grc'>25</span> <span class='ocrx_word' id='word_1_361' title='bbox 453 4612 616 4672; x_wconf 82' lang='lat' dir='ltr'>prospectus</span> <span class='ocrx_word' id='word_1_362' title='bbox 634 4609 674 4657; x_wconf 83' lang='lat' dir='ltr'>cd.</span> <span class='ocrx_word' id='word_1_363' title='bbox 697 4609 773 4658; x_wconf 76' lang='lat' dir='ltr'>Vra:</span> <span class='ocrx_word' id='word_1_364' title='bbox 793 4605 931 4670; x_wconf 86' lang='lat' dir='ltr'>profectus</span> <span class='ocrx_word' id='word_1_365' title='bbox 951 4605 1009 4655; x_wconf 82' lang='lat' dir='ltr'>GH.</span> <span class='ocrx_word' id='word_1_366' title='bbox 1037 4600 1049 4669; x_wconf 71' lang='lat' dir='ltr'>li</span> <span class='ocrx_word' id='word_1_367' title='bbox 1076 4607 1109 4655; x_wconf 82' lang='lat'>28</span> <span class='ocrx_word' id='word_1_368' title='bbox 1133 4606 1161 4654; x_wconf 92' lang='lat' dir='ltr'>in</span> <span class='ocrx_word' id='word_1_369' title='bbox 1184 4605 1284 4670; x_wconf 88' lang='lat' dir='ltr'>topiari</span> <span class='ocrx_word' id='word_1_370' title='bbox 1307 4605 1409 4670; x_wconf 87' lang='lat' dir='ltr'>(operis</span> <span class='ocrx_word' id='word_1_371' title='bbox 1430 4608 1486 4658; x_wconf 82' lang='lat' dir='ltr'>Joe.</span> <span class='ocrx_word' id='word_1_372' title='bbox 1505 4608 1542 4670; x_wconf 82' lang='lat' dir='ltr'>cf.</span> 
     </span>
    </p>
   </div>
   <div class='ocr_carea' id='block_1_4' title="bbox 402 4685 1324 4755">
    <p class='ocr_par' dir='ltr' id='par_1_6' title="bbox 402 4685 1324 4755">
     <span class='ocr_line' id='line_1_41' title="bbox 402 4685 1324 4755; baseline 0 -15"><span class='ocrx_word' id='word_1_373' title='bbox 402 4692 470 4740; x_wconf 75' lang='lat' dir='ltr'>Ptin.</span> <span class='ocrx_word' id='word_1_374' title='bbox 490 4695 533 4752; x_wconf 77' lang='lat'>35,</span> <span class='ocrx_word' id='word_1_375' title='bbox 553 4690 626 4753; x_wconf 74' lang='lat' dir='ltr'>lici:</span> <span class='ocrx_word' id='word_1_376' title='bbox 644 4690 786 4755; x_wconf 90' lang='lat' dir='ltr'>intopeodi</span> <span class='ocrx_word' id='word_1_377' title='bbox 806 4689 863 4739; x_wconf 84' lang='lat' dir='ltr'>GH.</span> <span class='ocrx_word' id='word_1_378' title='bbox 888 4685 900 4755; x_wconf 82' lang='grc' dir='ltr'>ΙΙ</span> <span class='ocrx_word' id='word_1_379' title='bbox 922 4688 1084 4739; x_wconf 86' lang='lat' dir='ltr'>deformatis</span> <span class='ocrx_word' id='word_1_380' title='bbox 1101 4690 1171 4740; x_wconf 74' lang='lat' dir='ltr'>doe:</span> <span class='ocrx_word' id='word_1_381' title='bbox 1183 4689 1247 4740; x_wconf 72' lang='lat' dir='ltr'>-ti</span> <span class='ocrx_word' id='word_1_382' title='bbox 1266 4688 1324 4740; x_wconf 77' lang='lat'>011.</span> 
     </span>
    </p>
   </div>
   <div class='ocr_carea' id='block_1_5' title="bbox 0 0 1896 5625">
    <p class='ocr_par' dir='ltr' id='par_1_7' title="bbox 0 0 1896 5625">
     <span class='ocr_line' id='line_1_42' title="bbox 0 0 1896 5625; baseline 0 7"><span class='ocrx_word' id='word_1_383' title='bbox 0 0 1896 5625; x_wconf 95' lang='lat' dir='ltr'> </span> 
     </span>
    </p>
   </div>
  </div>
 </body>
</html>
