3784 5625
390 649 450 711 116
875 661 1034 710 v1rauvn

388 818 416 879 si
439 817 495 901 qui
528 814 668 878 volucrit
690 814 732 877 ad
755 815 933 900 perfectum
957 814 1053 878 facile
1075 816 1269 902 perducere,
1292 813 1534 879 animadvertat

387 918 422 979 in
438 925 582 979 extremo
598 913 682 979 libro
698 915 898 999 diagramma
913 918 1040 980 musica
1053 916 1178 980 ratione
1201 915 1422 999 designatum,
1445 917 1533 1001 quod

385 1018 603 1080 Aristoxenus
618 1017 870 1100 magnovigore
886 1025 918 1078 et
933 1018 1105 1081 'industria
1126 1018 1308 1102 generatim
1330 1015 1450 1080 divisis
1466 1040 1532 1081 mo-

387 1117 610 1182 dulationibus
638 1120 851 1182 constitutum
879 1118 1023 1204 reliquit.
1068 1119 1109 1181 de
1136 1141 1200 1203 quo
1229 1120 1257 1183 si
1280 1120 1337 1203 qui
1359 1118 1532 1181 ratiocina-

353 1233 368 1281 5
387 1219 532 1283 tionibus
560 1218 611 1283 his
642 1218 834 1300 attenderit,
867 1217 908 1281 ab
931 1229 1049 1283 natura
1070 1221 1160 1283 vocis
1183 1218 1227 1282 ad
1249 1218 1455 1282 audientium
1477 1219 1532 1281 de-

387 1320 579 1384 lectationes
607 1319 737 1383 facilius
766 1318 906 1383 valuerit
927 1320 1126 1384 theatrorum
1150 1320 1281 1383 efficere
1302 1319 1531 1406 perfectiones¹

471 1422 569 1484 Dicet
584 1420 703 1505 aliquis
726 1421 809 1486 forte
830 1419 933 1483 multa
955 1422 1083 1485 theatra
1105 1422 1277 1508 quotannis
1298 1422 1422 1485 Romae
1446 1420 1533 1484 facta
1549 1410 1572 1483 t¹

386 1544 458 1585 csse
485 1543 592 1607 neque
618 1521 717 1584 ullam
744 1524 903 1586 rationem
930 1522 1046 1585 harum
1069 1544 1177 1585 rerum
1200 1524 1235 1585 in
1256 1521 1307 1585 his
1330 1520 1450 1604 fuisse,
1474 1522 1531 1584 sed

386 1622 509 1686 errabit
541 1624 577 1684 in
604 1643 652 1703 eo,
681 1622 768 1707 quod
792 1624 900 1687 omnia
922 1622 1055 1709 publica
1077 1622 1186 1707 lignea
1207 1624 1334 1686 theatra
1355 1621 1531 1686 tabulatio·
1592 1610 1594 1615 ’

335 1738 367 1785 10
384 1745 442 1787 nes
471 1723 592 1786 habent
621 1723 817 1810 cumpinum,
847 1719 929 1808 quas'
956 1746 1088 1787 necesse
1116 1734 1164 1787 est
1191 1745 1316 1787 sonare.
1369 1724 1432 1787 hoc
1453 1745 1531 1786 vero

385 1824 461 1887 lieet
481 1810 741 1887 animadvertere
764 1825 862 1887 etiam
884 1826 925 1888 ab
949 1826 1163 1907 citharaedia,
1188 1826 1244 1910 qui
1266 1826 1433 1912 superiore
1455 1833 1530 1888 tono

385 1948 457 1988 cum
491 1923 605 1988 volunt
635 1947 766 2009 cancre,
801 1935 954 1989 avertunt
983 1947 1018 1989 se
1046 1926 1089 1987 ad
1117 1946 1253 1988 scaenae
1280 1924 1396 1988 valvas
1426 1932 1458 1988 et
1486 1925 1531 1987 ita

384 2027 546 2112 recipiunt
568 2025 610 2090 ab
634 2048 742 2089 earum
766 2026 889 2089 auxilio
912 2027 1157 2092 consonantiam
1180 2028 1281 2090 vocis.
1325 2048 1400 2090 cum
1422 2034 1530 2089 autem

385 2148 426 2190 ex
454 2126 567 2191 solidis
597 2127 695 2191 rebus
724 2127 852 2192 theatra
880 2130 1136 2208 constituuntur,
1166 2128 1201 2191 id
1230 2136 1280 2191 est
1302 2148 1344 2190 ex
1366 2135 1529 2191 structura

336 2245 366 2293 15
387 2237 643 2318 caementorum,
673 2228 800 2315 lapide,
829 2250 1004 2310 marmore,
1034 2252 1116 2314 quae
1146 2250 1262 2292 sonare
1289 2251 1354 2293 non
1381 2237 1527 2315 possunt,

382 2331 460 2394 tunc
489 2329 595 2393 echeis
624 2330 685 2394 hac
713 2332 838 2393 ratione
866 2340 940 2394 sunt
971 2329 1176 2415 explicanda.
1228 2330 1279 2392 sin
1300 2339 1411 2393 autem
1433 2350 1557 2415 quae-8

381 2434 465 2496 ritur
498 2433 533 2495 in
567 2454 630 2517 quo
663 2432 789 2496 theatro
818 2452 856 2493 ea
886 2432 952 2495 sint
979 2431 1083 2512 facta,
1117 2431 1240 2495 Romae
1265 2452 1330 2494 non
1356 2452 1526 2516 possumus

382 2534 554 2597 ostendere
582 2533 641 2597 sed
667 2534 702 2595 in
730 2532 846 2596 Italiae
874 2533 1064 2617 regionibus
1089 2542 1121 2595 et
1150 2533 1185 2595 in
1213 2530 1361 2618 pluribus
1386 2530 1526 2595 Graeco-

382 2657 453 2697 rum
477 2635 666 2697 civitatibus
673 2684 682 2716 ,
712 2635 875 2719 etiamque
896 2644 1060 2697 auctorem
1082 2632 1239 2696 habemus
1260 2633 1401 2696 Lucium
1423 2633 1525 2698 Mum-

331 2752 365 2798 20
381 2736 498 2815 mium,
522 2736 578 2820 qui
600 2735 709 2797 diruto
731 2733 857 2797 theatro
881 2734 1124 2798 Corinthiorum
1147 2733 1246 2797 echea
1267 2755 1370 2797 aenea
1390 2735 1526 2798 Romam

383 2835 568 2921 deportavit
585 2846 615 2899 et
631 2835 672 2898 de
686 2835 849 2898 manubiis
872 2837 914 2898 ad
937 2835 1052 2899 aedem
1073 2838 1187 2899 Lunae
1210 2835 1389 2901 dedicavit.
1434 2834 1525 2899 multi

383 2937 481 2999 etiam
496 2935 642 2999 sollertes
664 2922 850 3017 architecti,
874 2938 927 3020 qui
951 2939 985 3000 in
1008 2938 1139 3024 oppidis
1161 2960 1227 3001 non
1248 2938 1377 3020 magnis
1400 2937 1525 3002 theatra

382 3038 637 3119 constituerunt,
661 3045 792 3123 propter
806 3032 950 3122 inopiam
965 3037 1121 3102 fictilibus
1138 3037 1235 3101 doliis
1258 3039 1305 3102 ita
1332 3039 1523 3103 sonantibus

382 3138 493 3201 electis
521 3139 582 3201 hac
608 3138 856 3203 ratiocinatione
883 3140 1071 3224 compositis
1100 3141 1307 3226 perfecerunt
1332 3139 1522 3204 utilissimos

331 3257 363 3304 25
381 3242 524 3305 effectus.

330 3358 369 3406 Vl
466 3343 575 3426 Ipsius
608 3351 716 3405 autem
750 3343 871 3406 theatri
904 3344 1116 3407 conformatio
1148 3345 1196 3407 sic
1224 3353 1274 3408 est
1297 3343 1450 3407 facienda
1475 3344 1547 3408 util

382 3463 479 3526 quam
506 3464 626 3526 magna
653 3443 762 3506 futura
789 3454 837 3507 est
865 3445 1057 3530 perimetros
1080 3447 1154 3526 imi,
1184 3454 1295 3509 centro
1317 3444 1427 3509 medio
1449 3468 1520 3510 con·

381 3541 486 3607 locato
514 3544 752 3627 circumagatur
780 3543 866 3608 linea
892 3546 1149 3627 rotundationis,
1178 3547 1214 3608 in
1241 3567 1344 3631 eaque
1371 3555 1522 3630 quattuor

450 3769 462 3815 1
482 3767 567 3830 siqui:
585 3768 623 3817 sio
642 3767 692 3816 GH
710 3765 791 3830 (Ide).
817 3764 830 3834 ΙΙ
852 3771 867 3817 3
886 3768 1052 3818 aristoxenis
1075 3770 1122 3818 chl.
1146 3765 1159 3834 [l
1181 3770 1197 3819 5
1216 3767 1250 3818 ab
1268 3772 1370 3818 natura
1386 3772 1463 3820 vocis
1487 3768 1518 3818 ad

381 3867 439 3912 epo:
460 3850 495 3900 ad
513 3857 627 3900 naturas
646 3851 758 3915 (natura
776 3859 922 3905 (intercur.
945 3852 976 3915 L)
1001 3852 1078 3904 vocis
1103 3857 1131 3901 et
1155 3854 1213 3903 611.
1243 3849 1255 3918 Ι]
1283 3854 1472 3916 lquodannis
1493 3854 1519 3903 H

379 3934 459 3999 (Lle).
482 3932 493 4001 Η
517 3938 532 3985 9
552 3936 656 3984 errabit
678 3937 759 3985 Part:
784 3937 887 3986 errauit
910 3937 970 3989 GH.
997 3933 1009 4001 l}
1038 3936 1223 3986 tabulationes
1245 3938 1274 3985 H
1296 3936 1380 4002 (Lle):
1404 3938 1518 3988 tribula·

379 4021 468 4070 tiones
488 4021 517 4070 0.
539 4016 552 4085 ll
576 4021 606 4067 11
627 4019 661 4068 ab
682 4019 789 4070 cithero
808 4021 866 4069 edis
883 4021 915 4069 H
931 4020 1066 4093 (-roedis
1083 4024 1114 4079 lc,
1134 4022 1168 4072 ab
1188 4018 1295 4070 eitheris
1309 4022 1339 4079 L,
1357 4024 1402 4073 ubi
1417 4024 1442 4072 is
1459 4024 1517 4073 add.

379 4103 473 4168 corn),
492 4103 690 4168 ‚abcitharedis
715 4103 743 4153 6.
772 4099 784 4168 ΙΙ
812 4106 843 4153 12
866 4104 963 4154 valvas
988 4105 1045 4154 Ltc:
1077 4105 1177 4155 valbas
1201 4106 1259 4154 Gli⁴
1287 4101 1302 4169 ll
1327 4108 1359 4156 15
1381 4106 1475 4171 lapide
1498 4104 1518 4154 6

380 4186 439 4250 (lelz
458 4189 551 4253 lapido
569 4189 598 4237 H
620 4186 740 4252 (lapideo
759 4187 803 4247 L).
825 4183 837 4252 ll
861 4189 892 4236 16
916 4189 1010 4238 echeis
1028 4205 1087 4252 ego:
1115 4191 1193 4238 exhis
1218 4190 1276 4241 GH.
1300 4185 1312 4254 ll
1335 4190 1389 4239 hac
1412 4191 1516 4239 ratione
1582 4223 1586 4226 -

379 4276 444 4319 sunt
463 4271 629 4337 explicanda
646 4273 716 4323 dou:
734 4270 788 4318 hac
806 4273 912 4319 ratione
932 4272 1067 4333 (rationes
1085 4273 1133 4337 HI)
1156 4279 1220 4322 sunt
1237 4272 1419 4337 explicandae
1437 4272 1517 4338 (-de

381 4355 421 4415 (1¹1)
442 4356 492 4404 GH
510 4356 553 4418 (Ic,
571 4356 606 4420 hs
625 4356 748 4405 rationes
765 4355 780 4404 ε’
797 4354 977 4419 explicandae
996 4356 1040 4419 L).
1058 4353 1070 4422 ΙΙ
1091 4360 1123 4406 18
1141 4357 1299 4421 regionibus
1316 4359 1373 4408 Joc.
1393 4355 1459 4422 (1²):
1476 4372 1516 4405 re·

379 4439 475 4501 giones
495 4441 545 4488 GH
564 4437 621 4500 (leh,
641 4441 754 4504 regione
773 4439 818 4504 L).
842 4434 854 4503 ΙΙ
877 4439 1002 4505 pluribus
1027 4441 1077 4490 GH
1100 4441 1158 4503 (L):
1185 4441 1310 4505 plurimis
1329 4444 1360 4495 lc.
1382 4437 1395 4507 ΙΙ
1424 4443 1456 4491 19
1477 4440 1516 4489 lu·
1611 4427 1616 4444 ⁴

379 4525 463 4572 cium:
482 4525 520 4572 stc
540 4523 591 4572 GH
608 4522 687 4586 (Llc).
710 4518 722 4588 ll
744 4525 778 4573 20
797 4523 883 4573 echea
906 4541 997 4574 aenea
1015 4525 1106 4575 Selia:
1130 4541 1164 4574 ea
1188 4541 1276 4574 aenea
1299 4527 1358 4578 GH.
1381 4523 1394 4593 ll
1420 4528 1453 4576 23
1471 4524 1515 4573 do·

377 4606 429 4655 leis
449 4608 499 4655 GH
518 4605 612 4669 (Llcb).
636 4603 648 4671 l]
670 4608 703 4667 28
721 4608 922 4657 rotundationis
942 4608 964 4658 G
982 4607 1041 4672 (L):
1061 4608 1270 4660 rotundationes
1289 4612 1320 4658 H
1335 4610 1516 4672 (rotundatio-

376 4704 425 4738 nes
444 4689 488 4755 lc).
