3784 5625
686 687 735 764 nn
759 686 1028 735 Ancmrncrmm
1050 689 1120 735 nm.
1144 689 1190 735 iv.
1467 675 1507 740 91

362 863 423 927 gas
446 861 518 904 esse
548 861 645 927 quam
670 838 764 903 altas.
809 849 985 927 contraque
1007 842 1042 905 in
1062 839 1234 926 angulares
1263 842 1427 908 columnas
1450 846 1507 908 tri·

363 941 482 1029 glyphi
496 942 531 1005 in
547 942 702 1005 extremis
717 941 864 1028 partibus
881 942 1122 1007 constituuntur
1137 953 1169 1009 ct
1183 965 1247 1008 non
1264 954 1375 1009 contra
1384 945 1508 1012 medios

363 1052 534 1109 tetrantes.
578 1044 605 1107 it
658 1051 822 1129 metopae,
858 1065 940 1128 quae
973 1046 1142 1129 proximae
1174 1044 1218 1107 ad
1251 1045 1423 1129 angulares
1451 1050 1508 1113 tri·
1604 1061 1608 1068 '

363 1143 509 1233 glyphos
524 1143 617 1226 fiunt,
641 1166 706 1209 non
721 1153 841 1209 exeunt
856 1144 1035 1230 quadratae
1055 1147 1114 1210 sed
1129 1144 1335 1231 oblongiores
1350 1147 1510 1236 triglyphi

364 1246 505 1311 dimidia
532 1245 716 1311 latitudine.
760 1256 794 1311 at
817 1247 873 1333 qui
895 1258 1040 1333 metopas
1069 1246 1221 1334 aequales
1249 1248 1363 1315 volunt
1390 1250 1544 1334 facerat

363 1347 616 1414 intercolumnia
649 1356 796 1420 extrema
823 1348 1016 1420 contrahunt
1046 1349 1208 1436 triglyphi
1235 1348 1373 1416 dimidia
1399 1351 1509 1417 latitu-

365 1451 454 1515 dine.
504 1450 566 1518 hoc
599 1458 708 1514 autem
742 1451 813 1515 sive
846 1450 881 1513 in
913 1460 1116 1537 metoparum
1146 1449 1405 1535 longitudinibus
1440 1455 1511 1517 sive

365 1551 689 1617 intercolumniorum
716 1547 993 1616 contractionibus
1022 1551 1197 1634 efficietur,
1233 1561 1281 1617 est
1309 1554 1510 1619 mendosum.

365 1663 564 1743 quapropter
585 1654 710 1739 antiqui
733 1654 838 1718 vitare
859 1654 926 1718 visi
947 1664 1023 1721 sunt
1044 1655 1079 1718 in
1100 1653 1237 1719 aedibus
1258 1656 1361 1721 sacris
1382 1655 1512 1721 doricae

366 1758 577 1845 symmetriae
598 1756 767 1820 rationem.
1531 1774 1562 1822 10

330 1875 347 1922 3
452 1859 520 1924 Nos
541 1867 652 1923 autem
673 1858 876 1944 exponimus,
898 1857 948 1922 uti
961 1856 1050 1922 ordo
1064 1856 1218 1944 postulat,
1241 1858 1512 1945 quemadmodum

366 1984 387 2026 a
410 1960 676 2047 praeceptoribus
698 1961 898 2048 accepimus,
928 1959 978 2023 uti
1006 1960 1036 2022 si
1057 1960 1114 2045 qui
1143 1958 1284 2028 voluerit
1305 1959 1356 2023 his
1379 1962 1511 2026 rationi·
1575 2005 1580 2026 .

366 2063 430 2129 bus
457 2060 629 2126 attendens
657 2062 705 2125 ita
733 2061 880 2146 ingredi,
914 2061 1032 2125 habeat
1059 2062 1284 2148 proportiones
1320 2062 1512 2150 explicatas,

368 2164 488 2252 quibus
511 2162 698 2230 emendatas
722 2172 753 2231 et
775 2164 846 2227 sine
868 2164 961 2227 vitiis
983 2161 1113 2226 efficere
1135 2164 1239 2248 possit
1261 2163 1392 2228 aedium
1408 2186 1512 2229 sacra·

366 2289 441 2330 rum
469 2264 579 2330 dorico
607 2287 696 2330 more
723 2264 951 2353 perfectiones.
1001 2263 1091 2328 frons
1119 2263 1210 2328 aedis
1234 2262 1364 2328 doricae
1385 2266 1420 2329 in
1443 2266 1514 2330 loco
1533 2282 1565 2330 15

368 2390 432 2456 quo
454 2366 623 2433 columnae
645 2353 885 2432 constituuntur
907 2364 1091 2447 dividatur,
1115 2366 1143 2427 si
1164 2353 1456 2458 tetrastylos‘erit,
1479 2368 1514 2430 in

367 2477 479 2558 partes
518 2487 635 2553 xxvn,
671 2470 701 2534 si
733 2467 940 2555 hexastylos,
980 2484 1118 2530 xxxxn.
1174 2487 1215 2529 ex
1251 2466 1302 2531 his
1342 2490 1416 2553 pars
1449 2490 1515 2532 una

368 2574 432 2637 erit
454 2569 616 2654 modulus,
640 2574 695 2657 qui
715 2593 832 2656 graece
853 2572 996 2655 εμβατης
1018 2568 1149 2651 dicitur,
1178 2568 1270 2632 cuius
1292 2568 1417 2633 moduli
1439 2591 1513 2635 con-

369 2674 540 2740 stitutione
561 2673 863 2738 ratiocinationibus
892 2670 1077 2735 efficiuntur
1100 2660 1205 2736 omnis
1228 2671 1335 2757 operis
1358 2670 1513 2737 distribu-

335 2792 351 2840 4
368 2777 487 2843 tiones.
533 2774 716 2841 crassitudo
737 2774 959 2840 columnarum
974 2774 1036 2838 erit
1050 2771 1188 2839 duomm
1203 2770 1417 2856 modulorum,
1439 2773 1512 2840 alti·
1532 2792 1566 2840 ao

368 2877 449 2944 tudo
483 2898 556 2941 cum
583 2875 725 2964 capitulo
753 2895 844 2940 X1111.
894 2876 1029 2964 capituli
1057 2874 1238 2941 crassitudo
1260 2876 1356 2940 unius
1378 2875 1514 2960 moduli,
1556 2866 1561 2873 ’

369 2977 509 3044 latitudo
533 2977 670 3042 duorum
691 2987 724 3042 et
745 2976 870 3042 moduli
892 2987 1006 3042 sextae
1027 2979 1140 3064 partis.
1178 2977 1359 3042 crassitudo
1381 2980 1517 3066 capituli

370 3080 541 3146 dividatur
562 3081 597 3143 in
618 3088 726 3166 partes
749 3089 826 3163 tres,
851 3080 1002 3166 equibus
1026 3102 1089 3143 una
1103 3078 1256 3166 plinthus
1280 3101 1353 3143 cum
1374 3082 1516 3167 cymatio

369 3182 443 3265 fiat,
467 3180 571 3245 altera
593 3181 726 3245 echinus
750 3204 823 3246 cum
844 3181 968 3263 anulis,
997 3183 1093 3245 tertia
1115 3179 1394 3268 hypotrachelion.
1439 3172 1514 3245 con-

369 3283 521 3349 trahatur·
541 3281 690 3348 columna
704 3284 750 3347 ita
764 3285 814 3348 uti
829 3285 863 3346 in
878 3283 976 3348 tertio
991 3282 1076 3347 libro
1091 3282 1132 3345 de
1152 3283 1267 3346 ionicis
1284 3291 1332 3346 est
1346 3284 1515 3370 scriptmn.
1534 3303 1567 3350 25

370 3384 520 3473 epistylii
541 3382 680 3449 altitudo
706 3387 805 3468 unius
830 3384 954 3450 moduli
982 3407 1055 3448 cum
1076 3384 1184 3448 taenia
1207 3391 1239 3448 et
1260 3385 1379 3469 guttis,
1408 3374 1517 3450 taenia

370 3485 496 3551 moduli
523 3487 677 3573 septima,
705 3495 870 3572 guttamm
896 3486 1067 3573 longitudo
1096 3485 1156 3553 sub
1183 3488 1293 3551 taenia
1319 3495 1432 3552 contra
1458 3489 1516 3552 tri-

369 3587 512 3676 glyphos
540 3586 608 3652 alta
635 3609 708 3651 cum
740 3588 853 3674 regula
884 3597 977 3677 parte
1011 3598 1105 3653 sexta
1135 3588 1259 3653 moduli
1286 3590 1516 3678 praependent.

369 3690 451 3754 item
473 3688 620 3776 epistylii
640 3688 779 3756 latitudo
801 3691 867 3754 ima
888 3689 1086 3777 respondeat
1106 3688 1351 3777 hypotrachelio
1372 3715 1518 3757 summae

371 3791 551 3858 columnae.
596 3814 695 3878 supra
722 3791 910 3879 epistylium
938 3791 1131 3858 conlocandi
1158 3802 1234 3866 sunt
1261 3791 1423 3880 triglyphi
1444 3817 1518 3859 cum
1535 3814 1568 3864 30

441 4051 457 4100 5
475 4049 622 4101 latitudine
641 4049 719 4102 Pan:
739 4015 887 4101 altitudine
907 4051 966 4104 GH.
990 4048 1003 4118 ss
1024 4053 1040 4099 6
1059 4048 1207 4100 latitudine
1220 4050 1261 4097 Hc
1274 4046 1334 4112 (stez
1354 4015 1516 4111 altitudine,

371 4152 423 4186 non
441 4137 527 4186 deleta
543 4135 575 4189 ab
592 4135 666 4187 initio
686 4151 703 4184 a
724 4138 822 4192 littera,
845 4137 902 4187 ideo
921 4135 1070 4186 altitudine
1092 4135 1166 4184 ctiam
1185 4131 1256 4196 Ltc):
1280 4132 1428 4182 altitudine
1453 4134 1517 4183 Get

371 4228 433 4271 ante
450 4236 520 4272 corr.
543 4220 578 4269 H.
608 4215 620 4286 ll
647 4221 663 4270 8
686 4218 823 4270 efficietur
844 4221 876 4268 H
895 4217 979 4284 (Llc):
1003 4219 1142 4270 efficiatur
1166 4217 1196 4270 G.
1224 4213 1236 4282 ΙΙ
1265 4218 1296 4264 12
1319 4216 1365 4279 qui
1388 4217 1418 4265 H
1432 4216 1515 4283 (Llc):

372 4313 433 4390 qu1⁸
447 4318 454 4388 l
470 4326 499 4375 6.
510 4317 523 4389 ll
535 4324 567 4374 17
578 4321 685 4374 XXVII
697 4322 776 4373 Patr:
795 4320 915 4373 XXVIII
929 4322 987 4372 GH.
999 4317 1011 4387 [Ι
1027 4320 1159 4371 XXXXII
1171 4319 1250 4371 Pan:
1263 4317 1370 4367 XXXII
1390 4318 1447 4369 GH.
1460 4315 1472 4385 ΙΙ
1486 4321 1517 4370 18

373 4407 499 4463 embates
519 4406 579 4459 GH.
602 4400 627 4472 ΙΙ
637 4406 669 4456 21
686 4406 783 4458 XIIII:
800 4406 837 4455 sic
856 4406 914 4456 GH.
934 4401 946 4470 ll
969 4407 1002 4457 23
1020 4408 1078 4455 tres
1095 4404 1132 4460 H,
1149 4403 1193 4452 III
1213 4403 1241 4453 G.
1261 4398 1273 4468 ΙΙ
1294 4403 1413 4467 cymatio
1431 4405 1462 4452 H
1473 4402 1516 4466 (L,

374 4493 496 4543 comatio
515 4495 538 4542 lc
560 4488 662 4556 Μή),
680 4490 792 4540 cimstio
818 4490 848 4543 θ.
875 4485 887 4554 ΙΙ
914 4490 947 4538 24
969 4486 1198 4554 hypotrachelion
1221 4487 1301 4541 Patr:
1323 4487 1517 4552 ypotrachelio

375 4578 435 4628 GH.
457 4572 470 4643 ll
492 4576 526 4626 25
545 4576 672 4627 columna
689 4576 731 4625 H:
751 4574 848 4640 colina
868 4571 1102 4638 G(ypotrachelio
1115 4572 1295 4623 contrahatur
1305 4571 1515 4639 colnnqitat...

375 4663 406 4713 G.
430 4663 520 4712 eadem
536 4667 596 4712 ante
614 4661 655 4711 ita
672 4661 841 4725 interpunctio
860 4658 886 4710 in
903 4657 958 4721 tr).
978 4654 991 4724 Η
1015 4659 1049 4708 26
1067 4657 1162 4710 taenia
1179 4657 1219 4706 H:
1238 4656 1334 4708 thecia
1354 4657 1384 4711 G.
1401 4675 1462 4712 moa
1480 4659 1518 4723 (ut

374 4754 400 4796 et
418 4745 464 4811 27)
485 4745 600 4801 thaenia
619 4745 660 4806 H,
679 4745 776 4796 thenia
795 4745 825 4798 G.
848 4740 860 4811 ΙΙ
883 4744 916 4794 28
934 4741 1050 4798 moduli:
1070 4742 1144 4796 modi
1161 4749 1222 4795 ante
1238 4758 1308 4796 corr.
1326 4743 1364 4797 Η.
