3784 5625
656 642 702 688 DE
726 641 994 690 ARCHITECTURA
1017 644 1087 690 LIB.
1112 647 1150 693 11.
1434 640 1477 704 39

331 796 541 883 sesquipede,
563 795 666 859 latum
680 796 774 883 pede.
819 798 935 861 ceteris
959 795 1084 862 duobus
1108 800 1308 868 Graecorum
1329 807 1479 873 aedificia

331 908 510 963 struuntur.
555 919 598 961 ex
624 898 675 962 his
703 920 803 961 unum
832 898 1068 983 πενταὸῳρον,
1097 901 1235 967 alterum
1262 909 1478 993 τετραὸωρον

331 999 462 1065 dicitur.
507 999 621 1081 δωρον
647 1008 756 1063 autem
779 997 899 1075 Graeci
920 999 1086 1087 appellant
1108 1002 1267 1089 palmum,
1297 1009 1385 1093 quod
1406 1033 1475 1074 mu·

330 1124 445 1167 nerum
478 1100 566 1166 datio
602 1122 719 1185 graece
756 1101 869 1185 δωρον
901 1101 1105 1190 appellatur,
1127 1105 1175 1168 -id
1207 1117 1316 1172 autem
1350 1132 1477 1197 semper

330 1204 455 1289 geritur
490 1224 549 1289 per
581 1224 696 1282 manus
730 1201 883 1290 palmum.
942 1204 989 1266 ita
1022 1204 1110 1291 quod
1146 1216 1196 1270 est
1233 1227 1510 1295 quoquoversuss
1592 1234 1596 1238 ’

331 1306 473 1392 quinque
488 1302 670 1392 palmorum
692 1305 909 1391 pentadoron,
934 1304 1020 1392 quod
1043 1316 1196 1392 quattuor
1216 1310 1403 1377 tetradoron
1426 1311 1475 1377 di·
1579 1345 1581 1349 ·

330 1408 425 1489 citur,
449 1416 481 1471 et
504 1415 683 1491 quaesunt
705 1404 837 1491 publica
859 1429 957 1494 opera
979 1408 1219 1492 πενζταὸωροις,
1242 1433 1324 1497 quae
1347 1414 1476 1498 privata

271 1508 553 1591 ·4τετραδωροις
580 1516 758 1572 struuntur.
795 1508 878 1573 fiunt
897 1518 1006 1572 autem
1029 1530 1102 1572 cum
1125 1510 1176 1574 his
1199 1509 1355 1577 lateribus
1378 1517 1473 1579 semi-

329 1608 460 1691 lateria,
495 1630 594 1695 quae·
612 1630 682 1673 cum
713 1619 897 1693 struuntur,
930 1633 996 1673 una
1023 1621 1115 1697 parte
1143 1610 1302 1677 lateribus
1332 1615 1473 1699 ordinae,

328 1710 431 1775 altera
447 1710 647 1775 semilateres
663 1719 836 1797 ponuntur.
868 1732 944 1797 ergo
961 1734 1003 1775 ex
1017 1722 1155 1799 utraque
1176 1724 1268 1800 parte
1290 1715 1334 1779 ad
1355 1714 1475 1780 lineam
1494 1732 1526 1781 10

329 1836 403 1877 cum
418 1821 602 1895 struuntur,
625 1810 758 1877 alternis
775 1814 872 1878 coriis
888 1814 1029 1901 parietes
1052 1812 1229 1899 alligantur
1252 1824 1283 1880 et
1305 1817 1406 1882 medii
1428 1818 1474 1881 la-

329 1925 414 1980 teres
430 1937 528 2001 supra
548 1923 740 1999 coagmenta
762 1913 921 1980 conlocati
944 1925 976 1979 et
999 1915 1184 1980 firmitatem
1207 1926 1239 1981 et
1261 1921 1403 2004 speciem
1428 1919 1473 1983 fa-

329 2018 418 2082 ciunt
440 2026 577 2103 utraque
599 2025 692 2101 parte
715 2039 780 2081 non
801 2016 1020 2080 invenustam.

413 2118 475 2183 Est
505 2127 614 2182 autem
642 2117 678 2180 in
706 2116 869 2205 Hispania
891 2119 1045 2183 ulteriore
1067 2120 1184 2184 civitas
1214 2120 1372 2203 Maxilua,
1396 2124 1474 2186 item

328 2219 435 2302 Galle,
458 2221 494 2283 in
507 2220 590 2283 Asia
604 2221 730 2300 Pitane,
754 2219 811 2283 ubi
825 2214 942 2284 lateres
966 2241 1039 2284 cum
1062 2230 1138 2284 sunt
1160 2220 1250 2285 ducti
1273 2231 1304 2285 et
1325 2222 1472 2305 arefacti,
1493 2238 1524 2286 15

327 2322 465 2410 proiecti
487 2331 601 2387 natant
623 2322 658 2385 in
679 2343 773 2406 aqua.
822 2331 935 2386 natare
957 2331 1066 2385 autem
1088 2344 1142 2386 eos
1165 2344 1261 2407 posse
1283 2322 1356 2385 ideo
1380 2321 1471 2386 vide-

326 2434 379 2487 tur
401 2424 489 2511 quod
510 2433 597 2488 terra
625 2406 674 2486 est
696 2422 737 2485 de
760 2446 823 2510 qua
845 2423 1008 2486 ducuntur
1029 2424 1207 2507 pumicosa.
1258 2424 1305 2486 ita
1327 2445 1399 2486 cum
1422 2435 1471 2488 est

326 2524 420 2609 levia,
443 2547 518 2589 aere
539 2523 680 2589 solidata
701 2547 766 2588 non
788 2525 905 2611 recipit
927 2525 959 2588 in
983 2544 1018 2585 se
1040 2545 1101 2586 nec
1123 2523 1280 2588 combibit
1301 2525 1469 2610 liquorem.

325 2628 427 2712 igitur
448 2625 516 2691 levi
528 2632 676 2712 ‘raraque
698 2647 771 2689 cum
794 2627 859 2691 sint
881 2626 1081 2713 proprietate
1103 2635 1163 2689 nec
1186 2627 1350 2711 patiantur
1372 2648 1469 2712 pene-

324 2739 411 2793 trare
444 2730 478 2793 in
512 2750 628 2815 corpus
661 2726 807 2791 umidam
841 2735 1051 2815 potestatem,
1085 2750 1288 2815 quocumque
1326 2728 1520 2815 ponderato

324 2832 446 2896 fuerint
474 2832 603 2915 cogitur
629 2829 672 2895 ab
699 2852 807 2894 rerum
835 2840 963 2894 natura.
979 2829 1251 2917 quemadmodum
1278 2852 1399 2917 pumex
1420 2832 1470 2896 uti

324 2934 367 2998 ab
393 2955 479 3020 aqua
506 2918 737 2997 sustineantur.
786 2933 835 2996 sic
861 2940 970 2995 autem
997 2953 1132 3016 magnas
1155 2931 1276 2998 habent
1290 2930 1468 3012 utilitates,

324 3033 412 3122 quod
427 3055 532 3121 neque
547 3034 582 3096 in
596 3033 878 3099 aedificationibus
894 3043 971 3098 sunt
986 3035 1125 3116 onerosi,
1149 3042 1181 3098 et
1197 3056 1271 3098 cum
1293 3033 1467 3115 ducuntur,

323 3159 343 3200 a
365 3134 615 3223 tempestatibus
637 3159 703 3201 non
725 3135 961 3201 dissolvuntur.
1442 3157 1445 3163 ·

392 3329 407 3376 2
426 3325 596 3391 pentadoron
610 3362 653 3378 ...
671 3325 828 3375 tetradoron
842 3326 894 3375 GH
905 3322 1072 3389 (praecarer.
1085 3325 1111 3373 in
1130 3323 1191 3388 ep).
1215 3321 1227 3390 Η
1249 3328 1265 3374 3
1285 3322 1322 3387 (er
1335 3323 1362 3389 4)
1383 3324 1468 3374 doron

325 3411 382 3460 GH.
407 3407 419 3476 Η
434 3412 461 3471 ,5
480 3425 587 3474 quoquo
611 3426 706 3461 versus
731 3410 781 3459 GH
800 3408 855 3472 (LI,
880 3425 988 3474 quoque
1012 3423 1108 3459 versus
1130 3408 1181 3471 cli).
1211 3406 1222 3474 Η
1249 3410 1264 3456 6
1288 3408 1407 3473 quinque
1432 3409 1466 3458 G:

323 3496 461 3566 eqninque
479 3495 509 3544 H
522 3493 600 3558 (Lle).
625 3491 637 3561 Η
660 3497 674 3544 7
693 3494 859 3558 pentadoros
878 3495 906 3543 H
925 3493 967 3555 (lc,
985 3493 1137 3558 pentadoro
1156 3491 1200 3557 L),
1220 3496 1382 3557 pentatoros
1402 3493 1431 3542 G.
1452 3490 1464 3556 Η

322 3583 339 3632 8
357 3579 512 3631 tetradoros
532 3579 561 3637 G,
581 3580 719 3630 tetradoro
739 3579 767 3628 H
772 3579 864 3642 -(Llc).
884 3576 896 3644 Η
919 3582 934 3628 9
954 3594 1038 3642 quae:
1062 3579 1126 3643 quia
1144 3579 1178 3627 L.
1201 3573 1213 3642 Η
1237 3582 1315 3640 parte
1334 3576 1467 3627 lateribus

324 3665 376 3716 GH
395 3664 421 3728 (e
434 3666 495 3717 add.
514 3663 601 3729 Salen.)
625 3660 639 3730 Η
662 3666 692 3713 11
713 3679 773 3713 cum
786 3669 927 3713 struuntur
945 3666 973 3712 H
986 3663 1070 3726 (Llr):
1089 3665 1284 3712 construuntur
1298 3662 1327 3716 G.
1349 3659 1360 3727 Η
1385 3662 1467 3712 coriis

323 3751 365 3799 H⁶
383 3749 443 3813 (L):
464 3747 565 3798 choriis
585 3749 635 3798 GH
654 3744 757 3813 (ehoiis
774 3747 818 3813 le).
840 3744 852 3814 Η
877 3750 907 3797 12
921 3746 1051 3813 collocati
1071 3748 1099 3797 H
1117 3745 1200 3809 (Llc):
1219 3746 1333 3796 collecti
1348 3747 1376 3796 (J.
1399 3742 1412 3811 Η
1436 3747 1467 3794 14

322 3832 447 3885 Maxilua
469 3834 543 3883 Voss.
563 3830 665 3896 (Portu
685 3834 805 3882 maxima
825 3832 884 3882 GH.
909 3828 921 3898 Η
943 3830 1097 3895 itemlepo)
1118 3830 1195 3881 Gallo
1214 3828 1293 3893 (Cale
1315 3830 1418 3895 Voss),
1438 3830 1466 3877 in

322 3919 391 3970 Asia
413 3918 513 3968 Pitane
538 3915 628 3980 (doe),
652 3917 713 3967 ubi:
736 3923 764 3967 st
782 3917 811 3966 in
829 3916 939 3981 galliis.
953 3920 981 3966 et
998 3916 1027 3965 in
1046 3916 1106 3967 asia
1119 3951 1125 3963 .
1138 3917 1179 3965 ita
1202 3915 1286 3964 neubi
1305 3916 1327 3965 G
1344 3913 1391 3978 (...
1405 3913 1466 3964 asia

322 3991 399 4054 itane
412 4039 420 4055 .
432 4002 479 4054 ubi
493 4002 548 4065 60),
568 4007 596 4050 ot
608 4001 733 4066 ingalliis
746 4006 773 4052 et
792 4002 820 4050 in
833 4002 893 4051 asia
910 4001 952 4050 ita
966 4001 970 4063 Ι
987 4000 1081 4050 neubi
1098 4001 1126 4049 H
1138 3998 1243 4078 (itaque
1253 3999 1300 4049 ubi
1310 4000 1343 4060 L,
1355 4000 1395 4047 ita
1411 3996 1415 4061 Ι
1430 4013 1464 4045 ne

321 4105 370 4156 ubi
387 4103 415 4170 l).
451 4106 486 4167 ef.
505 4106 572 4157 Ptin.
593 4106 635 4162 35,
654 4107 702 4153 171
721 4103 839 4153 Pitanae
859 4103 887 4152 in
905 4103 973 4153 Asia
997 4107 1025 4153 et
1043 4102 1073 4151 in
1090 4099 1221 4151 ulteriore
1239 4098 1377 4165 Hispania
1397 4099 1464 4147 civi·

321 4190 429 4241 tatibus
446 4189 573 4239 Maxilua
591 4193 617 4238 et
630 4187 760 4238 Callento
780 4185 896 4250 (callent
914 4187 947 4244 B,
967 4187 1078 4252 canient
1096 4187 1126 4241 R,
1146 4184 1261 4233 cunlent
1277 4184 1308 4232 V.
1322 4184 1356 4244 ef.
1377 4182 1465 4233 callet

319 4274 355 4328 ib.
375 4277 402 4338 3,
422 4277 455 4344 ‚1²
473 4281 498 4324 et
517 4276 558 4323 15.
592 4280 669 4338 atque
687 4274 723 4321 ila
738 4273 810 4333 forte
827 4274 898 4337 apud
918 4274 985 4324 Vitr.
1004 4272 1033 4321 in
1052 4268 1146 4337 galliis
1165 4272 1194 4317 et
1211 4285 1247 4318 aar
1259 4268 1287 4317 in
1307 4267 1360 4317 call
1373 4266 1405 4331 dr,
1424 4269 1464 4317 in-

322 4359 437 4422 callae,
453 4356 586 4408 incalle.
608 4352 620 4422 Η
645 4358 675 4405 16
694 4355 811 4420 prolecti
832 4363 892 4406 ante
914 4372 983 4408 corr.
1005 4356 1034 4406 G.
1059 4352 1070 4421 Η
1093 4355 1197 4404 Nature
1220 4362 1279 4402 aare
1302 4369 1371 4404 corr.
1397 4354 1426 4403 (ι’.
1449 4355 1461 4416 Η

322 4446 354 4494 19
368 4458 487 4507 roreque
505 4449 564 4492 nate
581 4456 650 4491 corr.
670 4440 699 4490 G.
722 4435 734 4506 Η
762 4440 800 4490 sit
820 4440 867 4489 θῦε
890 4441 927 4489 sit
940 4441 991 4491 GH
1008 4439 1088 4502 (Lle).
1113 4434 1125 4506 Η
1148 4454 1197 4488 nee
1214 4439 1284 4490 loa:
1305 4436 1356 4488 fio
1376 4436 1462 4500 (het),

321 4543 377 4578 non
394 4528 423 4577 H
442 4526 482 4590 (l).
505 4523 518 4592 Η
540 4525 684 4590 patiuntur
703 4525 732 4576 G.
757 4520 769 4590 Η
792 4527 822 4573 21
843 4525 946 4574 suerint
965 4525 1054 4574 Sella:
1079 4524 1164 4575 suerit
1188 4524 1246 4575 GH.
1269 4520 1282 4590 Η
1305 4524 1413 4588 cogitur
1432 4522 1463 4584 G,

322 4607 413 4676 cogitl
435 4610 567 4676 (ambiana,
586 4611 682 4675 quippe
705 4610 745 4659 eui
764 4626 815 4673 pro
833 4623 864 4658 us
886 4615 912 4659 et
934 4624 966 4657 ur
988 4624 1068 4674 aeque
1090 4611 1124 4658 sit
1144 4606 1168 4674 ⁹)
1193 4609 1221 4658 H
1240 4605 1360 4674 (rogitus
1379 4609 1412 4659 hl
1428 4626 1463 4652 τε

323 4691 413 4762 eogit‘³
434 4696 484 4760 cle).
509 4691 522 4762 Η
545 4697 583 4745 22
596 4695 785 4748 sustineantur
803 4693 896 4750 Soka:
915 4699 1031 4746 ——eatur
1050 4694 1109 4750 GH.
