3784 5625
696 666 741 711 nn
766 665 1032 713 assumserunt
1055 670 1123 714 nm.
1147 671 1193 715 vr.
1453 658 1513 721 133

371 826 420 879 est
441 816 606 880 fructuum
633 840 774 900 summa,
803 818 908 883 nullas
935 820 1009 905 plus
1038 821 1180 885 habendi
1209 844 1280 886 esse
1301 826 1511 889 necessitates

371 940 506 1004 eamque
529 940 599 981 esse
622 920 851 1005 proprietatem
874 921 1066 985 divitiarum
1092 925 1249 1007 maxime,
1277 923 1360 987 nihil
1384 925 1510 990 deside-

370 1042 451 1083 rare.
500 1020 558 1082 sed
586 1019 669 1083 forte
697 1021 843 1085 nonnulli
877 1023 958 1086 haec
991 1022 1077 1086 levia
1104 1024 1286 1088 iudicantes
1314 1005 1429 1112 putant
1456 1051 1509 1093 eos

371 1143 441 1184 esse
457 1122 618 1208 sapientes
642 1123 697 1207 qui
715 1125 853 1209 pecunia
872 1134 946 1188 sunt
962 1126 1096 1211 copiosi.
1133 1127 1242 1212 itaque
1257 1125 1403 1214 plerique
1418 1129 1461 1191 ad
1476 1129 1510 1192 id

369 1223 571 1309 propositum
594 1224 824 1289 contendentes
844 1225 985 1289 ‚audacia
1006 1225 1153 1290 adhibita
1176 1250 1249 1291 cum
1264 1229 1390 1293 divitiis
1414 1233 1511 1295 etiam
1529 1249 1544 1295 5

335 1338 352 1387 o
370 1325 520 1388 notitiam
535 1323 612 1389 su'nt
626 1327 801 1390 consecuti.
839 1348 899 1410 ego
915 1335 1034 1409 autem,
1057 1326 1188 1411 Caesar,
1205 1352 1269 1392 non
1283 1330 1325 1393 ad
1341 1314 1526 1417 pecuniam*

370 1426 547 1513 parandam
570 1438 703 1491 exarte
726 1428 801 1491 dedi
824 1428 985 1509 studium,
1013 1428 1071 1491 sed
1094 1430 1200 1515 potius
1223 1432 1415 1495 tenuitatem
1438 1456 1510 1497 cum

350 1527 455 1613 ¹bona
477 1526 563 1590 fama
586 1551 682 1614 quam
703 1529 937 1593 abundantiam
967 1551 1040 1592 cum
1062 1531 1197 1594 infamia
1218 1533 1417 1618 sequendam
1437 1557 1509 1620 pro-

369 1628 457 1692 bavi.
501 1629 575 1692 ideo
603 1631 735 1695 notities
760 1652 874 1715 parum
903 1639 953 1693 est
973 1629 1142 1714 adsecuta,
1172 1632 1230 1695 sed
1251 1643 1360 1697 tamen
1381 1635 1431 1699 his
1455 1660 1510 1700 vo-

368 1730 546 1794 luminibus
570 1730 677 1814 editis,
705 1741 741 1796 ut
762 1753 873 1818 spero,
897 1732 995 1794 etiam
1017 1733 1157 1818 posteris
1179 1754 1232 1797 ero
1254 1743 1361 1799 notus.
1404 1759 1510 1823 neque
1532 1756 1560 1802 ιο

369 1841 419 1896 est
441 1830 625 1895 mirandum
653 1833 731 1919 quid
757 1834 804 1897 ita
831 1833 980 1919 pluribus
1009 1833 1071 1896 sim
1097 1835 1238 1918 ignotus.
1284 1839 1383 1899 ceteri
1405 1840 1509 1902 archi-

367 1935 448 1998 tecti
468 1942 585 2017 rogant
607 1943 639 1997 et
660 1934 808 1998 ambiunt
828 1944 864 1998 ut
879 1932 1142 2018 architectantur,
1165 1936 1246 1999 mihi
1260 1947 1368 2001 autem
1383 1962 1403 2002 a
1417 1962 1508 2026 prae·
1548 1974 1559 1982 -

367 2035 554 2122 ceptoribus
571 2043 620 2099 est
634 2036 790 2099 traditum
805 2046 955 2120 rogatum
975 2057 1040 2098 non
1060 2047 1228 2120 rogantem
1243 2047 1392 2124 oportere
1407 2044 1508 2104 susci·

367 2159 446 2224 pere
467 2158 593 2220 curam,
623 2137 709 2222 quod
736 2138 897 2220 ingenuus
926 2135 1015 2200 color
1041 2147 1190 2201 movetur
1217 2140 1341 2225 pudore
1368 2142 1508 2227 petendo

365 2259 436 2301 rem
464 2239 685 2323 suspiciosam.
730 2259 805 2301 narn
838 2238 1032 2315 beneficium
1067 2237 1181 2302 dantes
1214 2262 1292 2303 non·
1312 2244 1508 2327 accipientes
1528 2260 1560 2307 15

366 2340 564 2404 ambiuntur.
618 2339 696 2426 quid
730 2342 815 2403 enim
849 2348 998 2424 putemus
1032 2340 1191 2425 suspicari
1223 2342 1279 2425 qui
1307 2352 1440 2426 rogetur
1467 2346 1508 2407 de

366 2442 561 2528 patrimonio
590 2449 737 2527 sumptus
765 2440 931 2504 iaciendos
966 2440 1166 2503 committere
1197 2442 1322 2523 gratiae
1354 2447 1506 2528 petentis,

366 2544 432 2607 nisi
463 2543 603 2629 praedae
637 2541 884 2629 compendiique
917 2541 986 2603 eius
1015 2541 1112 2603 causa
1139 2541 1262 2604 iudicet
1294 2542 1482 2608 faciundum
1490 2549 1506 2608 ἱ)

330 2663 346 2711 6
366 2647 478 2731 itaque·
498 2646 634 2709 maiores
657 2646 797 2731 primum
819 2666 838 2705 a
860 2664 980 2727 genere
1009 2642 1156 2729 probatis
1184 2663 1314 2728 operam
1336 2644 1508 2710 tradebant

364 2746 568 2828 architectis,
592 2745 711 2811 deinde
733 2744 931 2832 quaerebant
954 2745 982 2807 si
1003 2744 1139 2807 honeste
1162 2753 1269 2807 essent
1291 2744 1435 2830 educati,
1459 2749 1506 2810 in·
1525 2764 1558 2811 20

363 2871 471 2934 genuo
493 2849 610 2936 pudori
631 2870 696 2912 non
717 2848 874 2911 audaciae
895 2848 1118 2932 protervitatis
1139 2847 1406 2911 committendum
1421 2850 1505 2913 iudi-

365 2960 488 3014 cantes.
525 2951 589 3037 ipsi
610 2959 720 3014 autem
742 2948 882 3013 artifices
905 2971 971 3013 non
993 2948 1185 3012 erudiebant
1205 2950 1273 3012 nisi
1295 2972 1369 3013 suos
1385 2950 1506 3016 liberos

363 3062 421 3116 aut
443 3062 598 3137 cognatos
621 3062 653 3115 et
669 3072 722 3116 eos
738 3052 826 3115 viros
842 3050 944 3115 bonos
959 3049 1185 3132 instituebant,
1209 3051 1327 3135 quibus
1343 3061 1506 3137 tantarum
1558 3051 1562 3055 ’

362 3176 472 3218 rerum
494 3153 572 3216 fidei
594 3154 748 3240 pecuniae
772 3153 841 3216 sine
864 3150 1068 3215 dubitatione
1090 3148 1364 3236 permitterentur.

450 3254 533 3319 Cum
555 3264 664 3318 autem
685 3254 910 3317 animadverto
940 3253 983 3316 ab
1005 3252 1145 3316 indoctis
1169 3261 1201 3315 et
1223 3253 1372 3337 inperitis
1396 3263 1505 3317 tantae
1522 3261 1569 3320 25¹

364 3355 557 3443 disciplinae
589 3354 848 3441 magnitudinem
880 3356 1010 3437 iactari,
1045 3364 1077 3418 et
1104 3352 1146 3418 ab
1174 3354 1203 3416 is
1233 3356 1289 3439 qui
1316 3376 1381 3418 non
1408 3354 1504 3419 modo

301 3462 304 3469 '
364 3457 600 3521 architecturae
622 3457 680 3520 sed
700 3459 830 3521 omnino
846 3478 887 3519 ne
902 3455 1046 3519 fabricae
1061 3456 1192 3542 quidem
1207 3457 1356 3519 notitiam
1371 3455 1506 3559 habent&

361 3581 428 3624 non
449 3582 581 3646 possum
608 3581 673 3622 non
695 3557 828 3621 laudare
856 3568 964 3643 patres
995 3557 1191 3620 familiarum
1220 3580 1274 3622 eos
1303 3559 1358 3643 qui
1380 3557 1502 3621 littera-

362 3670 455 3725 turae
476 3661 595 3724 fiducia
618 3661 799 3726 confirmati
825 3681 884 3745 per
911 3681 945 3722 se
971 3658 1181 3722 aedificantes
1208 3660 1255 3722 ita
1281 3658 1444 3741 iudicant,
1475 3661 1504 3723 si

430 3955 444 4002 l
463 3945 582 4016 fructum
599 3960 658 4002 ante
676 3968 743 4005 corr.
764 3953 785 4002 G
807 3949 868 4017 (aon
885 3950 931 4017 E).
955 3947 966 4015 ΙΙ
993 3948 1084 3998 nullas
1104 3983 1153 3997 ...
1172 3947 1354 3997 necessitates
1373 3948 1421 3997 EG
1440 3948 1501 4031 (Εἰς

361 4036 439 4086 nulla
458 4073 505 4086 ...
523 4038 705 4087 necessitates
724 4038 752 4087 H
769 4036 824 4100 (tc).
845 4030 857 4101 ΙΙ
879 4039 894 4085 ‘2
913 4035 1031 4084 maxime
1049 4031 1119 4082 nihil
1136 4029 1298 4081 desideraris
1315 4039 1375 4080 ante
1392 4048 1461 4082 corr.
1476 4031 1501 4081 Ε

361 4120 424 4186 (aon
443 4121 477 4181 Θ,
496 4122 613 4171 maxime
637 4120 746 4171 sivnihil
769 4120 923 4170 desiderare
950 4118 1008 4181 E0).
1030 4113 1043 4183 ss
1066 4120 1082 4167 3
1104 4120 1203 4181 putant
1221 4130 1268 4165 eos
1290 4117 1344 4165 ert:
1369 4120 1499 4178 putantes

361 4203 466 4270 eolH‚
485 4211 616 4270 putantes
634 4221 681 4256 eos
700 4205 748 4254 EG
771 4202 849 4267 (Lto).
877 4200 889 4268 Ι]
915 4203 1083 4266 tplerirque
1102 4202 1127 4250 E
1150 4199 1211 4263 (non
1231 4198 1271 4263 Θ).
1295 4194 1308 4264 ll
1335 4201 1350 4247 9
1374 4200 1499 4250 notificet

357 4292 398 4341 sic
414 4291 494 4341 ΕΘΗ
512 4287 553 4354 (le,
572 4290 685 4340 notitias
704 4291 735 4347 L,
754 4289 828 4336 -tia
847 4289 902 4349 If).
926 4283 938 4352 ll
963 4289 994 4336 10
1013 4284 1247 4372 etiam'posterist
1264 4285 1302 4332 sie
1319 4283 1405 4334 ΕΘΗ.
1428 4281 1440 4349 ΙΙ
1468 4287 1498 4333 12

361 4375 486 4425 ambiunt
505 4374 564 4424 EG:
583 4375 727 4439 ambigunt
743 4373 772 4421 H
791 4372 870 4437 (Lle).
894 4367 905 4436 Η
929 4370 1146 4420 architectantur
1163 4371 1218 4420 eda
1243 4367 1427 4417 architectent
1452 4371 1498 4420 EG

360 4458 425 4524 (LI),
445 4459 632 4510 architentent
644 4459 673 4508 H
690 4455 751 4522 (rt).
771 4451 783 4522 Η
804 4458 834 4505 17
854 4453 973 4519 petentis
986 4455 1023 4502 L:
1046 4457 1173 4518 petentes
1192 4449 1343 4516 (patientes
1361 4451 1399 4515 H)
1419 4453 1498 4502 ΕΘΗ

358 4542 416 4608 (lc).
440 4541 453 4610 ΙΙ
477 4547 508 4595 18
527 4541 686 4593 faciundum
704 4543 734 4591 H
750 4540 835 4604 (Llc):
853 4537 1010 4588 faciendum
1023 4538 1079 4587 EG.
1100 4534 1112 4603 ss
1138 4540 1168 4587 19
1181 4552 1305 4602 operam:
1324 4539 1362 4586 sic
1374 4537 1447 4600 (-ra
1460 4538 1496 4601 Ε)

361 4628 447 4678 ΕΘΗ.
471 4625 483 4694 ΙΙ
505 4630 539 4678 20
556 4629 676 4692 ingenuo
700 4627 762 4677 GH:
786 4627 896 4688 ingenio
914 4624 939 4673 E
963 4622 1042 4686 (Lle).
1065 4619 1078 4688 [l
1100 4625 1134 4672 24
1156 4622 1232 4672 fidei:
1260 4624 1297 4671 sie
1319 4621 1405 4671 EGH.
1430 4618 1442 4687 Η
1465 4624 1497 4671 ‘26

356 4715 394 4762 is:
413 4712 458 4762 his
478 4713 561 4767 ΕΘΗ.
584 4709 598 4780 ΙΙ
619 4714 652 4763 28
670 4710 850 4762 familiarum:
868 4712 906 4759 sie
924 4709 1010 4762 EGH.
