3784 5625
385 632 428 696 40
876 642 1044 712 vrrnuvu

332 823 372 874 IV
469 800 509 864 In
532 798 751 862 caementiciis
779 804 889 860 autem
917 797 1089 860 structuris
1112 796 1253 883 primum
1275 806 1325 861 est
1347 796 1389 860 de
1411 795 1535 861 harena
1553 820 1565 867 1

387 899 624 988 quaerendum,
653 907 690 962 ut
718 919 756 961 ea
784 899 827 963 sit
853 897 972 969 idonea
998 896 1041 960 ad
1063 899 1232 962 materiem
1255 897 1456 963 miscendam
1477 921 1533 963 ne-

386 1026 448 1091 que
470 1002 589 1067 habeat
610 1011 730 1066 terram
752 1001 974 1065 commixtam.
1024 1021 1146 1085 genera
1172 1010 1281 1065 autem
1303 1000 1445 1065 harenae
1467 1001 1533 1067 fos-

386 1108 487 1170 siciae
515 1112 591 1168 sunt
617 1103 713 1186 haec,
742 1103 854 1187 nigra,
879 1124 974 1183 cana,
997 1102 1111 1184 rubra,
1135 1101 1362 1167 carbunculus.
1416 1125 1460 1167 ex
1481 1102 1533 1167 his

355 1222 470 1294 oquae
491 1207 526 1270 in
548 1226 647 1269 manu
669 1203 847 1268 confricata
869 1203 986 1267 feeerit
1007 1202 1181 1268 stridorem
1204 1206 1265 1269 erit
1288 1207 1427 1291 optima,
1451 1226 1535 1292 quae

386 1318 495 1374 autem
523 1317 649 1371 terrosa
677 1305 777 1370 fucrit
804 1327 869 1369 non
896 1305 1032 1370 habebit
1065 1309 1285 1393 asperitatem.
1337 1308 1416 1371 item
1444 1308 1474 1372 si
1500 1308 1535 1370 in

387 1411 620 1473 vestimentum
653 1398 828 1476 candidum
862 1429 899 1470 ea
934 1408 1081 1472 coniecta
1103 1407 1224 1491 fuerit,
1254 1419 1368 1495 postea
1395 1430 1535 1473 excussa

386 1511 422 1576 id
449 1533 515 1575 non
547 1509 726 1595 inquinarit
759 1530 863 1595 neque
890 1508 939 1574 ibi
966 1520 1055 1574 terra
1082 1510 1276 1593 subsiderit,
1311 1512 1373 1575 erit
1404 1510 1534 1575 idonea.

388 1615 570 1678 sinautem
592 1632 657 1674 non
680 1620 773 1674 erunt
794 1610 966 1674 harenaria
988 1610 1075 1675 unde
1098 1611 1251 1695 fodiatur,
1273 1623 1342 1677 tum
1366 1612 1407 1676 de
1428 1614 1566 1685 humi-2

339 1730 370 1778 10
387 1715 484 1778 nibus
518 1721 574 1775 aut
607 1734 625 1775 e
655 1710 766 1797 glarea
799 1714 860 1778 erit
888 1713 1095 1778 excernenda
1106 1763 1115 1797 ,
1144 1737 1209 1780 non
1236 1718 1342 1781 minus
1371 1718 1471 1783 etiam
1494 1718 1535 1783 de

389 1816 483 1879 litore
498 1814 633 1879 marino.
677 1814 736 1878 sed
752 1836 790 1878 ea
804 1815 839 1877 in
861 1818 1033 1880 st1ucturis
1055 1816 1136 1881 haec
1158 1817 1256 1883 habet
1278 1820 1371 1901 vitia,
1395 1818 1534 1884 difficul-

390 1927 439 1994 ter
455 1916 615 1997 siccescit,
637 1938 742 2001 neque
765 1919 891 1981 onerari
915 1940 951 1982 se
973 1920 1175 1984 continenter
1196 1921 1303 2007 paries
1325 1924 1450 2008 patitur
1470 1924 1536 1989 nisi

390 2016 686 2083 intermissionibus
718 2020 921 2105 requiescat,
951 2042 1056 2108 neque
1085 2024 1380 2088 concamerationes
1407 2027 1535 2112 recipit.

392 2120 515 2184 marina
542 2128 652 2183 autem
678 2118 740 2183 hoc
768 2120 906 2207 amplius
935 2122 1025 2208 quod
1047 2125 1144 2187 etiam
1166 2125 1324 2212 parietes,
1354 2147 1427 2189 eum
1449 2128 1485 2190 in
1507 2129 1535 2192 is

342 2239 373 2286 15
392 2223 528 2287 tectoria
550 2221 638 2285 facta
660 2221 797 2305 fuerint,
827 2224 1030 2290 remittentes
1053 2225 1251 2311 salsuginem
1274 2229 1397 2293 corium
1420 2228 1534 2294 dissol-

392 2333 484 2387 vunt.
533 2324 686 2388 fossiciae
719 2346 796 2390 vero
826 2323 975 2390 celeriter
1007 2330 1042 2391 in
1070 2330 1243 2393 structuris
1271 2323 1470 2415 sicceseunt,
1505 2341 1570 2398 et3

391 2426 528 2490 tectoria
561 2437 766 2511 permanent,
795 2441 827 2491 et
856 2431 1150 2494 concamerationes
1179 2432 1363 2517 patiuntur,
1393 2433 1453 2497 sed
1480 2456 1537 2497 eae

393 2549 474 2613 quae
496 2536 571 2591 sunt
593 2526 634 2590 de
655 2526 836 2594 harenariis
858 2540 1017 2595 recentes.
1062 2532 1090 2596 si
1113 2533 1199 2596 enim
1222 2545 1392 2620 exemptae
1414 2534 1537 2600 diutius

394 2630 515 2709 iacent,
544 2628 587 2692 ab
617 2627 684 2693 sole
713 2639 745 2693 et
773 2629 850 2693 luna
877 2641 909 2696 et
937 2634 1053 2719 pruina
1082 2621 1254 2699 concoctae
1275 2635 1484 2702 resolvuntur
1506 2647 1538 2701 et

343 2745 375 2793 20
393 2730 476 2792 fiunt
502 2738 655 2794 terrosae.
705 2731 752 2793 ita
780 2753 853 2795 cum
875 2735 909 2797 in
932 2745 1127 2800 structuram
1151 2739 1348 2822 coiciuntur,
1376 2762 1442 2804 non
1463 2762 1536 2828 pos-

394 2842 469 2894 sunt
503 2833 668 2895 continerc
701 2845 883 2918 caementa,
918 2837 977 2900 sed
1011 2860 1048 2901 ea
1075 2852 1180 2919 ruunt,
1201 2851 1233 2905 et
1259 2841 1415 2906 labuntur
1441 2864 1538 2906 onera

395 2955 477 3019 quae
502 2934 642 3019 parietes
670 2957 736 2998 non
762 2948 898 3023 possunt
926 2942 1099 3006 sustinere.
1142 2953 1288 3007 recentes
1310 2952 1419 3006 autem
1442 2943 1536 3008 fossi-

395 3035 465 3097 ciae
480 3056 554 3097 cum
568 3035 603 3098 in
625 3039 795 3102 structuris
819 3048 926 3104 tantas
941 3040 1083 3107 habeant
1098 3045 1249 3127 virtutes,
1273 3066 1329 3108 eae
1343 3047 1378 3108 in
1392 3047 1538 3109 tectoriis

394 3135 469 3200 ideo
484 3159 549 3200 non
571 3147 647 3202 sunt
668 3134 764 3203 utiles
788 3143 874 3227 quod
896 3144 1126 3228 pinguitudine
1149 3147 1218 3212 cius
1241 3145 1316 3210 calx
1337 3145 1431 3233 palea
1453 3169 1536 3211 com-

344 3254 377 3302 ⁶25
395 3240 498 3303 mixta
512 3248 644 3325 propter
660 3241 898 3307 vehementiam
920 3268 985 3310 non
1007 3256 1115 3333 potest
1137 3249 1209 3312 sine
1231 3249 1323 3312 rimis
1345 3250 1537 3313 inarescere.

462 3498 479 3545 4
498 3489 682 3545 carbunculus
703 3488 736 3538 G:
754 3487 845 3537 -lum
864 3487 893 3535 H
911 3488 1072 3553 (—lr'1Llc),
1094 3486 1106 3555 ΙΙ
1131 3492 1145 3539 7
1166 3491 1343 3540 coniectati:
1364 3495 1494 3557 contecta
1510 3492 1538 3540 H

396 3578 475 3642 (Lle).
503 3577 515 3646 ΙΙ
544 3595 661 3630 excussa
684 3577 728 3628 vel
752 3574 774 3639 (l
792 3574 824 3638 G)
849 3575 907 3624 ieta
932 3575 983 3625 GH
1011 3573 1067 3638 (vel
1086 3574 1148 3624 ieta
1171 3583 1198 3624 ut
1218 3578 1328 3639 plescum
1356 3577 1406 3626 del.
1432 3575 1537 3625 Marini.

395 3665 430 3729 ef.
449 3680 565 3715 excussa
583 3665 698 3722 Pallori„
721 3665 738 3712 ι’.
758 3679 779 3712 e.
799 3659 885 3710 effusa
903 3662 974 3724 cpit,
993 3675 1043 3708 non
1061 3660 1126 3717 icta,
1151 3675 1199 3724 quo
1222 3663 1294 3711 medo
1313 3662 1429 3723 explicat
1452 3664 1538 3725 pressa

396 3766 460 3814 qnae
478 3752 504 3798 in
521 3756 617 3800 textam
634 3755 740 3813 recepta
753 3752 790 3797 est
808 3744 945 3809 relicta).
970 3740 982 3808 ll
1004 3728 1204 3808 8.inquin'arit:
1224 3749 1261 3794 stc
1275 3746 1332 3797 GH.
1357 3741 1370 3811 ΙΙ
1392 3745 1539 3796 subsiderit

305 3886 307 3891 Α
398 3834 449 3883 GH
466 3837 507 3896 (lc,
527 3834 682 3884 subsederit
700 3831 743 3897 L).
768 3828 779 3896 ΙΙ
804 3832 834 3878 12
853 3829 995 3879 siccescit:
1014 3830 1055 3878 sie
1074 3829 1159 3877 cersit
1183 3829 1275 3890 G(sic
1300 3829 1461 3893 cessisse),
1484 3830 1538 3880 sic·

397 3918 481 3968 cessit
498 3919 527 3966 H
545 3917 586 3980 (Ic,
606 3917 767 3998 siccesscit
785 3917 830 3979 L).
854 3912 866 3981 ll
890 3915 1063 3964 continenter
1081 3915 1171 3978 paries
1189 3914 1293 3979 patitur
1312 3915 1346 3964 G:
1366 3915 1539 3965 continenter

397 4016 418 4083 (l
434 4018 471 4082 H)
496 4018 597 4084 recipit
619 4020 711 4084 paries
730 4020 836 4084 patitur
853 4016 983 4082 (partitur
1000 4016 1037 4079 L)
1055 4017 1085 4065 H
1102 4014 1172 4077 (Llc)
1191 4032 1226 4066 ex
1243 4033 1266 4070 v.
1285 4019 1328 4066 13.
1352 4013 1365 4081 ΙΙ
1390 4018 1422 4065 14
1440 4016 1478 4065 is:
1496 4017 1539 4066 his

397 4104 456 4154 GH.
477 4101 489 4170 ss
513 4106 545 4154 15
563 4105 735 4155 remittentes
753 4103 922 4167 salsuginem
941 4104 971 4150 H
988 4102 1055 4164 (Lis,
1074 4101 1183 4164 cs..epit.
1201 4100 1328 4162 etPell.):
1348 4102 1539 4151 remittentese

396 4187 571 4252 salsugineG
589 4189 652 4253 (scil.
671 4189 832 4239 remittente
850 4201 878 4236 se
896 4186 1038 4249 salsugine
1057 4201 1149 4235 eorum
1170 4185 1377 4249 dissolvuntur).
1400 4181 1413 4252 ΙΙ
1436 4187 1538 4237 corium

396 4271 548 4322 dissolvunt
568 4275 644 4324 Solen.
674 4272 720 4335 (ea
744 4271 899 4322 dissolvunt
920 4271 991 4329 dea,
1016 4286 1083 4335 opus
1105 4271 1129 4319 d.
1153 4269 1241 4334 epit.):
1272 4286 1364 4320 eorum
1387 4270 1540 4334 dissolvun-

396 4361 440 4405 tur
459 4356 518 4410 ΕΗ.
542 4355 555 4422 Η
579 4360 609 4407 17
624 4374 687 4408 cae:
706 4358 759 4407 hae
773 4357 804 4404 II
814 4355 895 4420 (Llc),
914 4356 965 4421 hec
977 4356 1005 4405 G.
1030 4352 1042 4421 ΙΙ
1065 4359 1098 4406 ‘20
1115 4356 1204 4420 fiuent
1222 4358 1258 4409 H.
1282 4352 1295 4422 ΙΙ
1317 4355 1463 4430 coniuntur
1480 4361 1539 4406 onte

396 4457 464 4491 corr.
485 4439 579 4505 (coic.)
600 4443 629 4491 G.
654 4439 665 4506 ΙΙ
693 4444 724 4490 ‘tl
744 4440 793 4490 sed
812 4456 845 4490 ea
864 4444 947 4489 ruunt
967 4439 988 4489 G
1007 4439 1053 4503 (L,
1078 4441 1127 4490 sed
1147 4445 1262 4490 earuunt
1280 4441 1318 4504 c):
1342 4440 1495 4489 aedearunt
1510 4441 1540 4489 H

396 4523 456 4586 (sed
479 4529 578 4575 earunt
595 4524 623 4587 l).
651 4522 662 4591 ΙΙ
691 4541 830 4589 oneraque
850 4526 889 4584 H,
908 4540 1022 4590 oneraq›
1044 4525 1130 4590 (—q;,
1148 4526 1220 4591 —q:)
1242 4524 1378 4589 Glhlclr).
1403 4521 1415 4591 ΙΙ
1438 4528 1470 4576 23
1488 4540 1539 4575 eae

397 4609 438 4657 H:
456 4609 507 4659 hae
529 4611 550 4659 θ
569 4607 649 4674 (Ltc).
673 4607 686 4676 Η
708 4611 740 4658 rt
753 4608 955 4674 pinguitudine:
974 4610 1037 4659 —ni
1057 4610 1115 4663 GH.
1139 4607 1150 4676 ΙΙ
1172 4611 1318 4660 commixta
1338 4609 1372 4658 G:
1392 4608 1540 4660 commixta

397 4693 425 4741 H
443 4691 576 4756 (cumina
594 4700 609 4752 l,
631 4707 692 4744 cunr
712 4694 796 4743 mixta
815 4695 846 4750 L,
867 4695 985 4743 comixta
1003 4694 1037 4759 c).
