<?xml version="1.0" encoding="UTF-8"?>
<!DOCTYPE html PUBLIC "-//W3C//DTD XHTML 1.0 Transitional//EN"
    "http://www.w3.org/TR/xhtml1/DTD/xhtml1-transitional.dtd">
<html xmlns="http://www.w3.org/1999/xhtml" xml:lang="en" lang="en">
 <head>
  <title>
</title>
<meta http-equiv="Content-Type" content="text/html;charset=utf-8" />
  <meta name='ocr-system' content='tesseract 3.04.00' />
  <meta name='ocr-capabilities' content='ocr_page ocr_carea ocr_par ocr_line ocrx_word'/>
</head>
<body>
  <div class='ocr_page' id='page_1' title='image "./vitruviidearchi01strgoog_0157.png"; bbox 0 0 3784 5625; ppageno 0'>
   <div class='ocr_carea' id='block_1_1' title="bbox 684 646 1507 711">
    <p class='ocr_par' dir='ltr' id='par_1_1' title="bbox 684 646 1507 711">
     <span class='ocr_line' id='line_1_1' title="bbox 684 646 1507 711; baseline 0.001 -2"><span class='ocrx_word' id='word_1_1' title='bbox 684 662 731 709; x_wconf 85' lang='lat' dir='ltr'>ns</span> <span class='ocrx_word' id='word_1_2' title='bbox 754 660 1022 709; x_wconf 75' lang='lat' dir='ltr'>nucursscruus</span> <span class='ocrx_word' id='word_1_3' title='bbox 1045 661 1114 708; x_wconf 51' lang='lat'><em>11113.</em></span> <span class='ocrx_word' id='word_1_4' title='bbox 1138 663 1187 709; x_wconf 83' lang='lat' dir='ltr'>vi.</span> <span class='ocrx_word' id='word_1_5' title='bbox 1446 646 1507 711; x_wconf 82' lang='lat'>139</span> 
     </span>
    </p>
   </div>
   <div class='ocr_carea' id='block_1_2' title="bbox 292 814 1560 3139">
    <p class='ocr_par' dir='ltr' id='par_1_2' title="bbox 330 814 1541 1722">
     <span class='ocr_line' id='line_1_2' title="bbox 362 814 1506 903; baseline -0.001 -22"><span class='ocrx_word' id='word_1_6' title='bbox 362 814 669 881; x_wconf 80' lang='lat' dir='ltr'>ratiocinationibus</span> <span class='ocrx_word' id='word_1_7' title='bbox 693 814 859 901; x_wconf 82' lang='lat' dir='ltr'>explicati,</span> <span class='ocrx_word' id='word_1_8' title='bbox 882 825 952 879; x_wconf 90' lang='lat' dir='ltr'>tum</span> <span class='ocrx_word' id='word_1_9' title='bbox 974 816 1072 880; x_wconf 89' lang='lat' dir='ltr'>etiam</span> <span class='ocrx_word' id='word_1_10' title='bbox 1094 815 1253 879; x_wconf 81' lang='lat' dir='ltr'>acuminis</span> <span class='ocrx_word' id='word_1_11' title='bbox 1277 826 1327 880; x_wconf 89' lang='lat' dir='ltr'>est</span> <span class='ocrx_word' id='word_1_12' title='bbox 1341 816 1506 903; x_wconf 86' lang='lat' dir='ltr'>proprium</span> 
     </span>
     <span class='ocr_line' id='line_1_3' title="bbox 363 916 1507 1006; baseline -0.001 -24"><span class='ocrx_word' id='word_1_13' title='bbox 363 918 539 1006; x_wconf 87' lang='lat' dir='ltr'>providere</span> <span class='ocrx_word' id='word_1_14' title='bbox 560 918 603 981; x_wconf 90' lang='lat' dir='ltr'>ad</span> <span class='ocrx_word' id='word_1_15' title='bbox 624 928 774 981; x_wconf 88' lang='lat' dir='ltr'>naturam</span> <span class='ocrx_word' id='word_1_16' title='bbox 795 916 858 981; x_wconf 91' lang='lat' dir='ltr'>loci</span> <span class='ocrx_word' id='word_1_17' title='bbox 880 927 936 981; x_wconf 90' lang='lat' dir='ltr'>aut</span> <span class='ocrx_word' id='word_1_18' title='bbox 951 939 1045 981; x_wconf 89' lang='lat' dir='ltr'>usum</span> <span class='ocrx_word' id='word_1_19' title='bbox 1059 926 1116 980; x_wconf 92' lang='lat' dir='ltr'>aut</span> <span class='ocrx_word' id='word_1_20' title='bbox 1131 920 1273 1003; x_wconf 90' lang='lat' dir='ltr'>speciem</span> <span class='ocrx_word' id='word_1_21' title='bbox 1288 928 1320 981; x_wconf 90' lang='lat' dir='ltr'>et</span> <span class='ocrx_word' id='word_1_22' title='bbox 1335 918 1507 981; x_wconf 89' lang='lat' dir='ltr'>detractio·</span> 
     </span>
     <span class='ocr_line' id='line_1_4' title="bbox 362 1018 1506 1106; baseline -0.003 -22"><span class='ocrx_word' id='word_1_23' title='bbox 362 1021 463 1084; x_wconf 93' lang='lat' dir='ltr'>nibus</span> <span class='ocrx_word' id='word_1_24' title='bbox 485 1028 541 1083; x_wconf 91' lang='lat' dir='ltr'>aut</span> <span class='ocrx_word' id='word_1_25' title='bbox 562 1019 800 1083; x_wconf 91' lang='lat' dir='ltr'>adiectionibus</span> <span class='ocrx_word' id='word_1_26' title='bbox 830 1028 1065 1105; x_wconf 86' lang='lat' dir='ltr'>temperaturas</span> <span class='ocrx_word' id='word_1_27' title='bbox 1089 1018 1233 1101; x_wconf 86' lang='lat' dir='ltr'>efficere,</span> <span class='ocrx_word' id='word_1_28' title='bbox 1262 1041 1336 1083; x_wconf 92' lang='lat' dir='ltr'>cum</span> <span class='ocrx_word' id='word_1_29' title='bbox 1357 1020 1398 1083; x_wconf 89' lang='lat' dir='ltr'>de</span> <span class='ocrx_word' id='word_1_30' title='bbox 1420 1042 1506 1106; x_wconf 91' lang='lat' dir='ltr'>sym-</span> 
     </span>
     <span class='ocr_line' id='line_1_5' title="bbox 363 1117 1507 1203; baseline -0.001 -19"><span class='ocrx_word' id='word_1_31' title='bbox 363 1117 485 1185; x_wconf 79' lang='lat' dir='ltr'>metria</span> <span class='ocrx_word' id='word_1_32' title='bbox 505 1123 549 1185; x_wconf 86' lang='lat' dir='ltr'>sit</span> <span class='ocrx_word' id='word_1_33' title='bbox 572 1120 754 1184; x_wconf 88' lang='lat' dir='ltr'>detractum</span> <span class='ocrx_word' id='word_1_34' title='bbox 776 1129 832 1184; x_wconf 90' lang='lat' dir='ltr'>aut</span> <span class='ocrx_word' id='word_1_35' title='bbox 854 1119 1029 1203; x_wconf 90' lang='lat' dir='ltr'>adiectum,</span> <span class='ocrx_word' id='word_1_36' title='bbox 1050 1122 1102 1185; x_wconf 91' lang='lat' dir='ltr'>uti</span> <span class='ocrx_word' id='word_1_37' title='bbox 1117 1120 1152 1183; x_wconf 94' lang='lat' dir='ltr'>id</span> <span class='ocrx_word' id='word_1_38' title='bbox 1167 1120 1319 1185; x_wconf 88' lang='lat' dir='ltr'>videatur</span> <span class='ocrx_word' id='word_1_39' title='bbox 1333 1131 1422 1185; x_wconf 89' lang='lat' dir='ltr'>recte</span> <span class='ocrx_word' id='word_1_40' title='bbox 1437 1142 1507 1184; x_wconf 89' lang='lat' dir='ltr'>esse</span> 
     </span>
     <span class='ocr_line' id='line_1_6' title="bbox 330 1219 1541 1309; baseline -0.002 -24"><span class='ocrx_word' id='word_1_41' title='bbox 330 1223 541 1292; x_wconf 79' lang='lat' dir='ltr'>al&#39;ormatum</span> <span class='ocrx_word' id='word_1_42' title='bbox 574 1223 609 1286; x_wconf 91' lang='lat' dir='ltr'>in</span> <span class='ocrx_word' id='word_1_43' title='bbox 641 1233 839 1309; x_wconf 88' lang='lat' dir='ltr'>aspectuque</span> <span class='ocrx_word' id='word_1_44' title='bbox 872 1219 956 1285; x_wconf 89' lang='lat' dir='ltr'>nihil</span> <span class='ocrx_word' id='word_1_45' title='bbox 990 1220 1204 1287; x_wconf 84' lang='lat' dir='ltr'>desideretur.</span> <span class='ocrx_word' id='word_1_46' title='bbox 1254 1221 1319 1285; x_wconf 89' lang='lat' dir='ltr'>alia</span> <span class='ocrx_word' id='word_1_47' title='bbox 1351 1224 1438 1286; x_wconf 89' lang='lat' dir='ltr'>enim</span> <span class='ocrx_word' id='word_1_48' title='bbox 1464 1223 1541 1285; x_wconf 72' lang='lat' dir='ltr'>ada</span> 
     </span>
     <span class='ocr_line' id='line_1_7' title="bbox 364 1321 1508 1410; baseline -0.003 -21"><span class='ocrx_word' id='word_1_49' title='bbox 364 1346 495 1389; x_wconf 89' lang='lat' dir='ltr'>manum</span> <span class='ocrx_word' id='word_1_50' title='bbox 519 1325 643 1410; x_wconf 89' lang='lat' dir='ltr'>species</span> <span class='ocrx_word' id='word_1_51' title='bbox 667 1345 739 1388; x_wconf 87' lang='lat' dir='ltr'>esse</span> <span class='ocrx_word' id='word_1_52' title='bbox 761 1324 907 1405; x_wconf 91' lang='lat' dir='ltr'>videtur,</span> <span class='ocrx_word' id='word_1_53' title='bbox 936 1321 1002 1386; x_wconf 93' lang='lat' dir='ltr'>alia</span> <span class='ocrx_word' id='word_1_54' title='bbox 1024 1325 1059 1386; x_wconf 91' lang='lat' dir='ltr'>in</span> <span class='ocrx_word' id='word_1_55' title='bbox 1081 1322 1227 1407; x_wconf 89' lang='lat' dir='ltr'>excelso,</span> <span class='ocrx_word' id='word_1_56' title='bbox 1249 1346 1316 1388; x_wconf 91' lang='lat' dir='ltr'>non</span> <span class='ocrx_word' id='word_1_57' title='bbox 1337 1323 1452 1387; x_wconf 91' lang='lat' dir='ltr'>eadem</span> <span class='ocrx_word' id='word_1_58' title='bbox 1473 1325 1508 1386; x_wconf 92' lang='lat' dir='ltr'>in</span> 
     </span>
     <span class='ocr_line' id='line_1_8' title="bbox 364 1424 1509 1513; baseline 0.001 -24"><span class='ocrx_word' id='word_1_59' title='bbox 364 1425 534 1505; x_wconf 90' lang='lat' dir='ltr'>concluso,</span> <span class='ocrx_word' id='word_1_60' title='bbox 563 1424 732 1489; x_wconf 89' lang='lat' dir='ltr'>dissimilis</span> <span class='ocrx_word' id='word_1_61' title='bbox 759 1427 794 1488; x_wconf 93' lang='lat' dir='ltr'>in</span> <span class='ocrx_word' id='word_1_62' title='bbox 820 1434 950 1511; x_wconf 88' lang='lat' dir='ltr'>aperto,</span> <span class='ocrx_word' id='word_1_63' title='bbox 972 1425 1014 1513; x_wconf 30' lang='lat' dir='ltr'>&#39;in</span> <span class='ocrx_word' id='word_1_64' title='bbox 1036 1425 1154 1510; x_wconf 89' lang='lat' dir='ltr'>quibus</span> <span class='ocrx_word' id='word_1_65' title='bbox 1183 1427 1295 1510; x_wconf 84' lang='lat' dir='ltr'>magni</span> <span class='ocrx_word' id='word_1_66' title='bbox 1322 1426 1438 1490; x_wconf 93' lang='lat' dir='ltr'>iudicii</span> <span class='ocrx_word' id='word_1_67' title='bbox 1459 1435 1509 1490; x_wconf 89' lang='lat' dir='ltr'>est</span> 
     </span>
     <span class='ocr_line' id='line_1_9' title="bbox 364 1524 1509 1613; baseline 0 -22"><span class='ocrx_word' id='word_1_68' title='bbox 364 1549 463 1613; x_wconf 90' lang='lat' dir='ltr'>opera</span> <span class='ocrx_word' id='word_1_69' title='bbox 485 1527 564 1613; x_wconf 93' lang='lat' dir='ltr'>quid</span> <span class='ocrx_word' id='word_1_70' title='bbox 585 1527 717 1591; x_wconf 87' lang='lat' dir='ltr'>tandem</span> <span class='ocrx_word' id='word_1_71' title='bbox 740 1528 783 1591; x_wconf 89' lang='lat' dir='ltr'>sit</span> <span class='ocrx_word' id='word_1_72' title='bbox 804 1524 1004 1592; x_wconf 88' lang='lat' dir='ltr'>faciundum.</span> <span class='ocrx_word' id='word_1_73' title='bbox 1047 1549 1114 1591; x_wconf 90' lang='lat' dir='ltr'>non</span> <span class='ocrx_word' id='word_1_74' title='bbox 1142 1528 1228 1590; x_wconf 90' lang='lat' dir='ltr'>enim</span> <span class='ocrx_word' id='word_1_75' title='bbox 1256 1549 1351 1591; x_wconf 87' lang='lat' dir='ltr'>veros</span> <span class='ocrx_word' id='word_1_76' title='bbox 1378 1526 1509 1591; x_wconf 89' lang='lat' dir='ltr'>videtur</span> 
     </span>
     <span class='ocr_line' id='line_1_10' title="bbox 364 1627 1508 1722; baseline -0.002 -30"><span class='ocrx_word' id='word_1_77' title='bbox 364 1628 485 1693; x_wconf 89' lang='lat' dir='ltr'>habere</span> <span class='ocrx_word' id='word_1_78' title='bbox 506 1630 597 1691; x_wconf 88' lang='lat' dir='ltr'>visus</span> <span class='ocrx_word' id='word_1_79' title='bbox 620 1628 765 1709; x_wconf 89' lang='lat' dir='ltr'>effectus,</span> <span class='ocrx_word' id='word_1_80' title='bbox 788 1627 846 1691; x_wconf 93' lang='lat' dir='ltr'>sed</span> <span class='ocrx_word' id='word_1_81' title='bbox 868 1627 994 1710; x_wconf 87' lang='lat' dir='ltr'>fallitur</span> <span class='ocrx_word' id='word_1_82' title='bbox 1015 1628 1144 1722; x_wconf 90' lang='lat' dir='ltr'>saepius</span> <span class='ocrx_word' id='word_1_83' title='bbox 1159 1628 1281 1693; x_wconf 91' lang='lat' dir='ltr'>iudicio</span> <span class='ocrx_word' id='word_1_84' title='bbox 1296 1627 1338 1692; x_wconf 92' lang='lat' dir='ltr'>ab</span> <span class='ocrx_word' id='word_1_85' title='bbox 1354 1651 1391 1693; x_wconf 91' lang='lat' dir='ltr'>eo</span> <span class='ocrx_word' id='word_1_86' title='bbox 1405 1649 1508 1691; x_wconf 88' lang='lat' dir='ltr'>mens.</span> 
     </span>
    </p>

    <p class='ocr_par' dir='ltr' id='par_1_3' title="bbox 292 1719 1560 2631">
     <span class='ocr_line' id='line_1_11' title="bbox 292 1719 1559 1821; baseline -0.003 -26"><span class='ocrx_word' id='word_1_87' title='bbox 292 1803 295 1814; x_wconf 27' lang='grc' dir='ltr'>Ι</span> <span class='ocrx_word' id='word_1_88' title='bbox 366 1719 641 1817; x_wconf 60' lang='lat' dir='ltr'>quemadmodum</span> <span class='ocrx_word' id='word_1_89' title='bbox 665 1730 820 1794; x_wconf 80' lang='lat' dir='ltr'>etiamin</span> <span class='ocrx_word' id='word_1_90' title='bbox 842 1731 969 1793; x_wconf 81' lang='lat' dir='ltr'>scaenis</span> <span class='ocrx_word' id='word_1_91' title='bbox 991 1732 1088 1817; x_wconf 89' lang='lat' dir='ltr'>pictis</span> <span class='ocrx_word' id='word_1_92' title='bbox 1111 1729 1266 1821; x_wconf 72' lang='lat' dir='ltr'>videntur</span> <span class='ocrx_word' id='word_1_93' title='bbox 1288 1729 1509 1795; x_wconf 89' lang='lat' dir='ltr'>columnarum</span> <span class='ocrx_word' id='word_1_94' title='bbox 1528 1744 1559 1791; x_wconf 91' lang='lat'>10</span> 
     </span>
     <span class='ocr_line' id='line_1_12' title="bbox 365 1828 1508 1921; baseline 0 -26"><span class='ocrx_word' id='word_1_95' title='bbox 365 1828 586 1919; x_wconf 84' lang='lat' dir='ltr'>proiecturae,</span> <span class='ocrx_word' id='word_1_96' title='bbox 614 1830 812 1918; x_wconf 84' lang='lat' dir='ltr'>mutulorum</span> <span class='ocrx_word' id='word_1_97' title='bbox 840 1831 1015 1918; x_wconf 79' lang='lat' dir='ltr'>ecphorae,</span> <span class='ocrx_word' id='word_1_98' title='bbox 1045 1834 1212 1921; x_wconf 82' lang='lat' dir='ltr'>signorum</span> <span class='ocrx_word' id='word_1_99' title='bbox 1238 1833 1362 1917; x_wconf 85' lang='lat' dir='ltr'>figurae</span> <span class='ocrx_word' id='word_1_100' title='bbox 1389 1832 1508 1918; x_wconf 89' lang='lat' dir='ltr'>promi-</span> 
     </span>
     <span class='ocr_line' id='line_1_13' title="bbox 366 1932 1509 2021; baseline -0.001 -24"><span class='ocrx_word' id='word_1_101' title='bbox 366 1943 492 2017; x_wconf 84' lang='lat' dir='ltr'>nentes,</span> <span class='ocrx_word' id='word_1_102' title='bbox 517 1955 591 1997; x_wconf 88' lang='lat' dir='ltr'>cum</span> <span class='ocrx_word' id='word_1_103' title='bbox 606 1934 649 1998; x_wconf 91' lang='lat' dir='ltr'>sit</span> <span class='ocrx_word' id='word_1_104' title='bbox 664 1932 776 1998; x_wconf 87' lang='lat' dir='ltr'>tabula</span> <span class='ocrx_word' id='word_1_105' title='bbox 791 1934 861 1997; x_wconf 87' lang='lat' dir='ltr'>sine</span> <span class='ocrx_word' id='word_1_106' title='bbox 878 1934 979 1998; x_wconf 93' lang='lat' dir='ltr'>dubio</span> <span class='ocrx_word' id='word_1_107' title='bbox 994 1933 1037 1996; x_wconf 91' lang='lat' dir='ltr'>ad</span> <span class='ocrx_word' id='word_1_108' title='bbox 1050 1932 1199 2018; x_wconf 85' lang='lat' dir='ltr'>regulam</span> <span class='ocrx_word' id='word_1_109' title='bbox 1213 1934 1321 2021; x_wconf 88' lang='lat' dir='ltr'>plana.</span> <span class='ocrx_word' id='word_1_110' title='bbox 1358 1933 1509 1998; x_wconf 87' lang='lat' dir='ltr'>similiter</span> 
     </span>
     <span class='ocr_line' id='line_1_14' title="bbox 364 2034 1552 2121; baseline 0 -24"><span class='ocrx_word' id='word_1_111' title='bbox 364 2036 400 2098; x_wconf 93' lang='lat' dir='ltr'>in</span> <span class='ocrx_word' id='word_1_112' title='bbox 420 2034 561 2098; x_wconf 86' lang='lat' dir='ltr'>navibus</span> <span class='ocrx_word' id='word_1_113' title='bbox 583 2036 666 2098; x_wconf 90' lang='lat' dir='ltr'>remi</span> <span class='ocrx_word' id='word_1_114' title='bbox 688 2057 761 2099; x_wconf 92' lang='lat' dir='ltr'>cum</span> <span class='ocrx_word' id='word_1_115' title='bbox 784 2036 850 2099; x_wconf 90' lang='lat' dir='ltr'>sint</span> <span class='ocrx_word' id='word_1_116' title='bbox 872 2035 933 2100; x_wconf 92' lang='lat' dir='ltr'>sub</span> <span class='ocrx_word' id='word_1_117' title='bbox 955 2057 1040 2121; x_wconf 90' lang='lat' dir='ltr'>aqua</span> <span class='ocrx_word' id='word_1_118' title='bbox 1061 2034 1188 2117; x_wconf 87' lang='lat' dir='ltr'>directi,</span> <span class='ocrx_word' id='word_1_119' title='bbox 1211 2045 1321 2100; x_wconf 89' lang='lat' dir='ltr'>tamen</span> <span class='ocrx_word' id='word_1_120' title='bbox 1342 2034 1444 2100; x_wconf 88' lang='lat' dir='ltr'>oculis</span> <span class='ocrx_word' id='word_1_121' title='bbox 1459 2037 1508 2099; x_wconf 92' lang='lat' dir='ltr'>in·</span> <span class='ocrx_word' id='word_1_122' title='bbox 1549 2051 1552 2057; x_wconf 85' lang='grc'><strong>’</strong></span> 
     </span>
     <span class='ocr_line' id='line_1_15' title="bbox 364 2135 1508 2223; baseline 0 -24"><span class='ocrx_word' id='word_1_123' title='bbox 364 2135 463 2199; x_wconf 87' lang='lat' dir='ltr'>fracti</span> <span class='ocrx_word' id='word_1_124' title='bbox 484 2136 654 2219; x_wconf 88' lang='lat' dir='ltr'>videntur,</span> <span class='ocrx_word' id='word_1_125' title='bbox 684 2148 715 2202; x_wconf 90' lang='lat' dir='ltr'>et</span> <span class='ocrx_word' id='word_1_126' title='bbox 738 2146 897 2223; x_wconf 88' lang='lat' dir='ltr'>quatenus</span> <span class='ocrx_word' id='word_1_127' title='bbox 921 2159 1032 2202; x_wconf 89' lang='lat' dir='ltr'>eorum</span> <span class='ocrx_word' id='word_1_128' title='bbox 1058 2146 1168 2223; x_wconf 88' lang='lat' dir='ltr'>partes</span> <span class='ocrx_word' id='word_1_129' title='bbox 1189 2147 1329 2222; x_wconf 85' lang='lat' dir='ltr'>tangunt</span> <span class='ocrx_word' id='word_1_130' title='bbox 1350 2159 1508 2201; x_wconf 90' lang='lat' dir='ltr'>summam</span> 
     </span>
     <span class='ocr_line' id='line_1_16' title="bbox 366 2236 1560 2325; baseline -0.001 -25"><span class='ocrx_word' id='word_1_131' title='bbox 366 2236 536 2323; x_wconf 87' lang='lat' dir='ltr'>planitiem</span> <span class='ocrx_word' id='word_1_132' title='bbox 558 2238 710 2325; x_wconf 88' lang='lat' dir='ltr'>liquoris,</span> <span class='ocrx_word' id='word_1_133' title='bbox 737 2247 896 2325; x_wconf 85' lang='lat' dir='ltr'>apparent</span> <span class='ocrx_word' id='word_1_134' title='bbox 917 2240 967 2302; x_wconf 92' lang='lat' dir='ltr'>uti</span> <span class='ocrx_word' id='word_1_135' title='bbox 989 2247 1064 2302; x_wconf 90' lang='lat' dir='ltr'>sunt</span> <span class='ocrx_word' id='word_1_136' title='bbox 1087 2238 1219 2320; x_wconf 88' lang='lat' dir='ltr'>directi,</span> <span class='ocrx_word' id='word_1_137' title='bbox 1241 2244 1324 2304; x_wconf 76' lang='lat' dir='ltr'>&#39;cum</span> <span class='ocrx_word' id='word_1_138' title='bbox 1346 2260 1425 2303; x_wconf 84' lang='lat' dir='ltr'>vero</span> <span class='ocrx_word' id='word_1_139' title='bbox 1448 2239 1509 2302; x_wconf 93' lang='lat' dir='ltr'>sub</span> <span class='ocrx_word' id='word_1_140' title='bbox 1530 2251 1560 2300; x_wconf 86' lang='lat'>15</span> 
     </span>
     <span class='ocr_line' id='line_1_17' title="bbox 367 2326 1508 2427; baseline 0 -24"><span class='ocrx_word' id='word_1_141' title='bbox 367 2361 451 2425; x_wconf 90' lang='lat' dir='ltr'>aqua</span> <span class='ocrx_word' id='word_1_142' title='bbox 473 2326 549 2403; x_wconf 85' lang='lat' dir='ltr'>sunt</span> <span class='ocrx_word' id='word_1_143' title='bbox 571 2339 722 2422; x_wconf 88' lang='lat' dir='ltr'>demissi,</span> <span class='ocrx_word' id='word_1_144' title='bbox 751 2362 809 2426; x_wconf 91' lang='lat' dir='ltr'>per</span> <span class='ocrx_word' id='word_1_145' title='bbox 830 2347 967 2404; x_wconf 89' lang='lat' dir='ltr'>naturae</span> <span class='ocrx_word' id='word_1_146' title='bbox 988 2338 1189 2427; x_wconf 88' lang='lat' dir='ltr'>perlucidam</span> <span class='ocrx_word' id='word_1_147' title='bbox 1210 2342 1378 2404; x_wconf 86' lang='lat' dir='ltr'>raritatem</span> <span class='ocrx_word' id='word_1_148' title='bbox 1398 2340 1508 2403; x_wconf 87' lang='lat' dir='ltr'>remit-</span> 
     </span>
     <span class='ocr_line' id='line_1_18' title="bbox 368 2439 1507 2528; baseline -0.003 -22"><span class='ocrx_word' id='word_1_149' title='bbox 368 2450 440 2506; x_wconf 89' lang='lat' dir='ltr'>tunt</span> <span class='ocrx_word' id='word_1_150' title='bbox 463 2449 631 2506; x_wconf 87' lang='lat' dir='ltr'>enatantes</span> <span class='ocrx_word' id='word_1_151' title='bbox 653 2442 695 2505; x_wconf 90' lang='lat' dir='ltr'>ab</span> <span class='ocrx_word' id='word_1_152' title='bbox 719 2444 786 2507; x_wconf 89' lang='lat' dir='ltr'>suis</span> <span class='ocrx_word' id='word_1_153' title='bbox 810 2439 1000 2528; x_wconf 85' lang='lat' dir='ltr'>corporibus</span> <span class='ocrx_word' id='word_1_154' title='bbox 1023 2440 1160 2507; x_wconf 88' lang='lat' dir='ltr'>fluentes</span> <span class='ocrx_word' id='word_1_155' title='bbox 1183 2442 1342 2526; x_wconf 87' lang='lat' dir='ltr'>imagines</span> <span class='ocrx_word' id='word_1_156' title='bbox 1364 2441 1407 2504; x_wconf 91' lang='lat' dir='ltr'>ad</span> <span class='ocrx_word' id='word_1_157' title='bbox 1422 2463 1507 2504; x_wconf 91' lang='lat' dir='ltr'>sum-</span> 
     </span>
     <span class='ocr_line' id='line_1_19' title="bbox 366 2541 1510 2631; baseline -0.002 -25"><span class='ocrx_word' id='word_1_158' title='bbox 366 2565 452 2607; x_wconf 92' lang='lat' dir='ltr'>mam</span> <span class='ocrx_word' id='word_1_159' title='bbox 466 2565 570 2629; x_wconf 90' lang='lat' dir='ltr'>aquae</span> <span class='ocrx_word' id='word_1_160' title='bbox 585 2543 754 2631; x_wconf 88' lang='lat' dir='ltr'>planitiem</span> <span class='ocrx_word' id='word_1_161' title='bbox 774 2553 872 2630; x_wconf 90' lang='lat' dir='ltr'>atque</span> <span class='ocrx_word' id='word_1_162' title='bbox 888 2564 943 2606; x_wconf 91' lang='lat' dir='ltr'>eae</span> <span class='ocrx_word' id='word_1_163' title='bbox 958 2542 1006 2605; x_wconf 92' lang='lat' dir='ltr'>ibi</span> <span class='ocrx_word' id='word_1_164' title='bbox 1020 2552 1199 2608; x_wconf 89' lang='lat' dir='ltr'>commotae</span> <span class='ocrx_word' id='word_1_165' title='bbox 1213 2542 1341 2606; x_wconf 80' lang='lat' dir='ltr'>efficere</span> <span class='ocrx_word' id='word_1_166' title='bbox 1355 2541 1510 2606; x_wconf 86' lang='lat' dir='ltr'>videntur</span> 
     </span>
    </p>

    <p class='ocr_par' dir='ltr' id='par_1_4' title="bbox 333 2644 1560 2937">
     <span class='ocr_line' id='line_1_20' title="bbox 333 2644 1507 2730; baseline -0.003 -19"><span class='ocrx_word' id='word_1_167' title='bbox 333 2664 348 2711; x_wconf 86' lang='lat'><strong>3</strong></span> <span class='ocrx_word' id='word_1_168' title='bbox 366 2644 543 2709; x_wconf 84' lang='lat' dir='ltr'>infractum</span> <span class='ocrx_word' id='word_1_169' title='bbox 563 2667 725 2710; x_wconf 91' lang='lat' dir='ltr'>remorum</span> <span class='ocrx_word' id='word_1_170' title='bbox 753 2644 854 2711; x_wconf 90' lang='lat' dir='ltr'>oculis</span> <span class='ocrx_word' id='word_1_171' title='bbox 881 2654 1058 2730; x_wconf 88' lang='lat' dir='ltr'>aspectum.</span> <span class='ocrx_word' id='word_1_172' title='bbox 1102 2644 1164 2711; x_wconf 88' lang='lat' dir='ltr'>hoc</span> <span class='ocrx_word' id='word_1_173' title='bbox 1184 2654 1295 2708; x_wconf 90' lang='lat' dir='ltr'>autem</span> <span class='ocrx_word' id='word_1_174' title='bbox 1317 2645 1387 2708; x_wconf 90' lang='lat' dir='ltr'>sive</span> <span class='ocrx_word' id='word_1_175' title='bbox 1410 2645 1507 2707; x_wconf 93' lang='lat' dir='ltr'>simu·</span> 
     </span>
     <span class='ocr_line' id='line_1_21' title="bbox 366 2745 1560 2836; baseline -0.006 -21"><span class='ocrx_word' id='word_1_176' title='bbox 366 2745 526 2815; x_wconf 74' lang='lat' dir='ltr'>lacrorum</span> <span class='ocrx_word' id='word_1_177' title='bbox 559 2748 691 2836; x_wconf 88' lang='lat' dir='ltr'>inpulsu</span> <span class='ocrx_word' id='word_1_178' title='bbox 725 2770 783 2814; x_wconf 89' lang='lat' dir='ltr'>seu</span> <span class='ocrx_word' id='word_1_179' title='bbox 815 2747 981 2812; x_wconf 91' lang='lat' dir='ltr'>radiorum</span> <span class='ocrx_word' id='word_1_180' title='bbox 1015 2768 1058 2809; x_wconf 86' lang='lat' dir='ltr'>ex</span> <span class='ocrx_word' id='word_1_181' title='bbox 1091 2745 1192 2811; x_wconf 91' lang='lat' dir='ltr'>oculis</span> <span class='ocrx_word' id='word_1_182' title='bbox 1221 2745 1432 2811; x_wconf 85' lang='lat' dir='ltr'>effusionibus</span> <span class='ocrx_word' id='word_1_183' title='bbox 1459 2747 1509 2810; x_wconf 92' lang='lat' dir='ltr'>uti</span> <span class='ocrx_word' id='word_1_184' title='bbox 1527 2759 1560 2808; x_wconf 78' lang='lat'>20</span> 
     </span>
     <span class='ocr_line' id='line_1_22' title="bbox 366 2849 1509 2937; baseline 0 -25"><span class='ocrx_word' id='word_1_185' title='bbox 366 2849 512 2936; x_wconf 84' lang='lat' dir='ltr'>physicis</span> <span class='ocrx_word' id='word_1_186' title='bbox 535 2849 643 2937; x_wconf 89' lang='lat' dir='ltr'>placet</span> <span class='ocrx_word' id='word_1_187' title='bbox 666 2849 826 2933; x_wconf 87' lang='lat' dir='ltr'>videmus,</span> <span class='ocrx_word' id='word_1_188' title='bbox 848 2859 986 2936; x_wconf 90' lang='lat' dir='ltr'>utraque</span> <span class='ocrx_word' id='word_1_189' title='bbox 1007 2851 1134 2914; x_wconf 88' lang='lat' dir='ltr'>ratione</span> <span class='ocrx_word' id='word_1_190' title='bbox 1155 2849 1286 2914; x_wconf 89' lang='lat' dir='ltr'>videtur</span> <span class='ocrx_word' id='word_1_191' title='bbox 1300 2851 1348 2914; x_wconf 90' lang='lat' dir='ltr'>ita</span> <span class='ocrx_word' id='word_1_192' title='bbox 1369 2850 1509 2914; x_wconf 88' lang='lat' dir='ltr'>essenti</span> 
     </span>
    </p>

    <p class='ocr_par' dir='ltr' id='par_1_5' title="bbox 333 2949 1511 3139">
     <span class='ocr_line' id='line_1_23' title="bbox 333 2949 1511 3039; baseline -0.003 -21"><span class='ocrx_word' id='word_1_193' title='bbox 333 2970 349 3018; x_wconf 82' lang='lat'>4</span> <span class='ocrx_word' id='word_1_194' title='bbox 366 2949 450 3014; x_wconf 86' lang='lat' dir='ltr'>falsa</span> <span class='ocrx_word' id='word_1_195' title='bbox 471 2951 594 3016; x_wconf 92' lang='lat' dir='ltr'>iudicia</span> <span class='ocrx_word' id='word_1_196' title='bbox 615 2952 781 3017; x_wconf 91' lang='lat' dir='ltr'>oculorum</span> <span class='ocrx_word' id='word_1_197' title='bbox 802 2952 920 3016; x_wconf 88' lang='lat' dir='ltr'>habeat</span> <span class='ocrx_word' id='word_1_198' title='bbox 941 2961 1105 3039; x_wconf 88' lang='lat' dir='ltr'>aspectus.</span> <span class='ocrx_word' id='word_1_199' title='bbox 1144 2974 1218 3016; x_wconf 88' lang='lat' dir='ltr'>cum</span> <span class='ocrx_word' id='word_1_200' title='bbox 1240 2952 1420 3038; x_wconf 57' lang='lat' dir='ltr'>ergo‘quae</span> <span class='ocrx_word' id='word_1_201' title='bbox 1434 2961 1511 3017; x_wconf 87' lang='lat' dir='ltr'>sunt</span> 
     </span>
     <span class='ocr_line' id='line_1_24' title="bbox 367 3047 1509 3139; baseline 0.002 -23"><span class='ocrx_word' id='word_1_202' title='bbox 367 3075 446 3116; x_wconf 89' lang='lat' dir='ltr'>vera</span> <span class='ocrx_word' id='word_1_203' title='bbox 468 3052 553 3116; x_wconf 84' lang='lat' dir='ltr'>falsa</span> <span class='ocrx_word' id='word_1_204' title='bbox 575 3055 750 3118; x_wconf 89' lang='lat' dir='ltr'>videantur</span> <span class='ocrx_word' id='word_1_205' title='bbox 771 3047 980 3119; x_wconf 84' lang='lat' dir='ltr'>et‘nonnulla</span> <span class='ocrx_word' id='word_1_206' title='bbox 1001 3055 1097 3117; x_wconf 91' lang='lat' dir='ltr'>aliter</span> <span class='ocrx_word' id='word_1_207' title='bbox 1118 3076 1214 3139; x_wconf 90' lang='lat' dir='ltr'>quam</span> <span class='ocrx_word' id='word_1_208' title='bbox 1229 3064 1305 3117; x_wconf 91' lang='lat' dir='ltr'>sunt</span> <span class='ocrx_word' id='word_1_209' title='bbox 1319 3052 1421 3118; x_wconf 92' lang='lat' dir='ltr'>oculis</span> <span class='ocrx_word' id='word_1_210' title='bbox 1436 3076 1509 3139; x_wconf 91' lang='lat' dir='ltr'>pro·</span> 
     </span>
    </p>
   </div>
   <div class='ocr_carea' id='block_1_3' title="bbox 285 3153 1560 3852">
    <p class='ocr_par' dir='ltr' id='par_1_6' title="bbox 366 3153 1508 3244">
     <span class='ocr_line' id='line_1_25' title="bbox 366 3153 1508 3244; baseline -0.002 -25"><span class='ocrx_word' id='word_1_211' title='bbox 366 3156 496 3237; x_wconf 87' lang='lat' dir='ltr'>bentur,</span> <span class='ocrx_word' id='word_1_212' title='bbox 519 3178 583 3220; x_wconf 90' lang='lat' dir='ltr'>non</span> <span class='ocrx_word' id='word_1_213' title='bbox 605 3166 684 3244; x_wconf 92' lang='lat' dir='ltr'>puto</span> <span class='ocrx_word' id='word_1_214' title='bbox 707 3166 855 3242; x_wconf 89' lang='lat' dir='ltr'>oportere</span> <span class='ocrx_word' id='word_1_215' title='bbox 877 3177 950 3219; x_wconf 89' lang='lat' dir='ltr'>esse</span> <span class='ocrx_word' id='word_1_216' title='bbox 971 3154 1107 3219; x_wconf 92' lang='lat' dir='ltr'>dubium</span> <span class='ocrx_word' id='word_1_217' title='bbox 1129 3158 1209 3241; x_wconf 93' lang='lat' dir='ltr'>quin</span> <span class='ocrx_word' id='word_1_218' title='bbox 1230 3153 1438 3219; x_wconf 73' lang='lat' dir='ltr'>annosorum</span> <span class='ocrx_word' id='word_1_219' title='bbox 1453 3177 1508 3217; x_wconf 93' lang='lat' dir='ltr'>na-</span> 
     </span>
    </p>

    <p class='ocr_par' dir='ltr' id='par_1_7' title="bbox 323 3256 1560 3446">
     <span class='ocr_line' id='line_1_26' title="bbox 323 3256 1560 3325; baseline -0.005 0"><span class='ocrx_word' id='word_1_220' title='bbox 323 3314 328 3325; x_wconf 53' lang='lat'>,</span> <span class='ocrx_word' id='word_1_221' title='bbox 366 3265 457 3320; x_wconf 88' lang='lat' dir='ltr'>turas</span> <span class='ocrx_word' id='word_1_222' title='bbox 485 3267 543 3322; x_wconf 89' lang='lat' dir='ltr'>aut</span> <span class='ocrx_word' id='word_1_223' title='bbox 569 3259 781 3322; x_wconf 87' lang='lat' dir='ltr'>necessitates</span> <span class='ocrx_word' id='word_1_224' title='bbox 812 3257 1030 3322; x_wconf 87' lang='lat' dir='ltr'>detractiones</span> <span class='ocrx_word' id='word_1_225' title='bbox 1058 3268 1114 3321; x_wconf 93' lang='lat' dir='ltr'>aut</span> <span class='ocrx_word' id='word_1_226' title='bbox 1140 3257 1340 3321; x_wconf 87' lang='lat' dir='ltr'>adiectiones</span> <span class='ocrx_word' id='word_1_227' title='bbox 1362 3256 1433 3320; x_wconf 88' lang='lat' dir='ltr'>fieri</span> <span class='ocrx_word' id='word_1_228' title='bbox 1454 3257 1508 3319; x_wconf 90' lang='lat' dir='ltr'>de·</span> <span class='ocrx_word' id='word_1_229' title='bbox 1527 3270 1560 3319; x_wconf 78' lang='lat'>25</span> 
     </span>
     <span class='ocr_line' id='line_1_27' title="bbox 366 3355 1510 3446; baseline 0 -26"><span class='ocrx_word' id='word_1_230' title='bbox 366 3355 482 3440; x_wconf 86' lang='lat' dir='ltr'>beant,</span> <span class='ocrx_word' id='word_1_231' title='bbox 506 3359 569 3422; x_wconf 82' lang='lat' dir='ltr'>sed</span> <span class='ocrx_word' id='word_1_232' title='bbox 596 3361 643 3424; x_wconf 89' lang='lat' dir='ltr'>ita</span> <span class='ocrx_word' id='word_1_233' title='bbox 670 3361 720 3424; x_wconf 91' lang='lat' dir='ltr'>uti</span> <span class='ocrx_word' id='word_1_234' title='bbox 747 3358 830 3423; x_wconf 92' lang='lat' dir='ltr'>nihil</span> <span class='ocrx_word' id='word_1_235' title='bbox 857 3360 891 3422; x_wconf 91' lang='lat' dir='ltr'>in</span> <span class='ocrx_word' id='word_1_236' title='bbox 919 3359 971 3423; x_wconf 90' lang='lat' dir='ltr'>his</span> <span class='ocrx_word' id='word_1_237' title='bbox 994 3357 1147 3446; x_wconf 88' lang='lat' dir='ltr'>operibus</span> <span class='ocrx_word' id='word_1_238' title='bbox 1170 3359 1386 3423; x_wconf 85' lang='lat' dir='ltr'>desideretur.</span> <span class='ocrx_word' id='word_1_239' title='bbox 1429 3357 1510 3422; x_wconf 90' lang='lat' dir='ltr'>haec</span> 
     </span>
    </p>

    <p class='ocr_par' dir='ltr' id='par_1_8' title="bbox 285 3457 1509 3546">
     <span class='ocr_line' id='line_1_28' title="bbox 285 3457 1509 3546; baseline 0.002 -26"><span class='ocrx_word' id='word_1_240' title='bbox 285 3457 287 3461; x_wconf 72' lang='grc'>’</span> <span class='ocrx_word' id='word_1_241' title='bbox 365 3469 476 3522; x_wconf 89' lang='lat' dir='ltr'>autem</span> <span class='ocrx_word' id='word_1_242' title='bbox 508 3461 606 3523; x_wconf 93' lang='lat' dir='ltr'>etiam</span> <span class='ocrx_word' id='word_1_243' title='bbox 637 3463 843 3546; x_wconf 83' lang='lat' dir='ltr'>ingeniorum</span> <span class='ocrx_word' id='word_1_244' title='bbox 879 3461 1084 3526; x_wconf 87' lang='lat' dir='ltr'>acuminibus</span> <span class='ocrx_word' id='word_1_245' title='bbox 1117 3483 1183 3526; x_wconf 90' lang='lat' dir='ltr'>non</span> <span class='ocrx_word' id='word_1_246' title='bbox 1215 3459 1322 3525; x_wconf 90' lang='lat' dir='ltr'>solum</span> <span class='ocrx_word' id='word_1_247' title='bbox 1352 3461 1509 3524; x_wconf 87' lang='lat' dir='ltr'>doctrinis</span> 
     </span>
    </p>

    <p class='ocr_par' dir='ltr' id='par_1_9' title="bbox 333 3559 1560 3852">
     <span class='ocr_line' id='line_1_29' title="bbox 333 3559 1508 3650; baseline -0.002 -23"><span class='ocrx_word' id='word_1_248' title='bbox 333 3578 348 3627; x_wconf 78' lang='lat'>5</span> <span class='ocrx_word' id='word_1_249' title='bbox 367 3559 564 3624; x_wconf 88' lang='lat' dir='ltr'>efficiuntur.</span> <span class='ocrx_word' id='word_1_250' title='bbox 601 3563 702 3646; x_wconf 85' lang='lat' dir='ltr'>igitur</span> <span class='ocrx_word' id='word_1_251' title='bbox 724 3562 896 3627; x_wconf 88' lang='lat' dir='ltr'>statuenda</span> <span class='ocrx_word' id='word_1_252' title='bbox 916 3572 966 3627; x_wconf 88' lang='lat' dir='ltr'>est</span> <span class='ocrx_word' id='word_1_253' title='bbox 981 3563 1121 3649; x_wconf 90' lang='lat' dir='ltr'>primum</span> <span class='ocrx_word' id='word_1_254' title='bbox 1135 3564 1218 3628; x_wconf 90' lang='lat' dir='ltr'>ratio</span> <span class='ocrx_word' id='word_1_255' title='bbox 1234 3564 1508 3650; x_wconf 88' lang='lat' dir='ltr'>symmetriarum,</span> 
     </span>
     <span class='ocr_line' id='line_1_30' title="bbox 366 3664 1508 3748; baseline 0.003 -23"><span class='ocrx_word' id='word_1_256' title='bbox 366 3684 386 3725; x_wconf 93' lang='lat' dir='ltr'>a</span> <span class='ocrx_word' id='word_1_257' title='bbox 415 3683 480 3748; x_wconf 88' lang='lat' dir='ltr'>qua</span> <span class='ocrx_word' id='word_1_258' title='bbox 512 3672 658 3726; x_wconf 89' lang='lat' dir='ltr'>sumatur</span> <span class='ocrx_word' id='word_1_259' title='bbox 691 3664 761 3727; x_wconf 90' lang='lat' dir='ltr'>sine</span> <span class='ocrx_word' id='word_1_260' title='bbox 791 3664 995 3730; x_wconf 89' lang='lat' dir='ltr'>dubitatione</span> <span class='ocrx_word' id='word_1_261' title='bbox 1028 3666 1246 3729; x_wconf 90' lang='lat' dir='ltr'>commutatio.</span> <span class='ocrx_word' id='word_1_262' title='bbox 1305 3664 1424 3728; x_wconf 90' lang='lat' dir='ltr'>deinde</span> <span class='ocrx_word' id='word_1_263' title='bbox 1453 3687 1508 3728; x_wconf 82' lang='lat' dir='ltr'>cx·</span> 
     </span>
     <span class='ocr_line' id='line_1_31' title="bbox 366 3762 1560 3852; baseline 0 -26"><span class='ocrx_word' id='word_1_264' title='bbox 366 3762 507 3849; x_wconf 86' lang='lat' dir='ltr'>plicetur</span> <span class='ocrx_word' id='word_1_265' title='bbox 538 3766 645 3851; x_wconf 89' lang='lat' dir='ltr'>operis</span> <span class='ocrx_word' id='word_1_266' title='bbox 678 3765 780 3829; x_wconf 85' lang='lat' dir='ltr'>futuri</span> <span class='ocrx_word' id='word_1_267' title='bbox 815 3765 958 3831; x_wconf 92' lang='lat' dir='ltr'>locorum</span> <span class='ocrx_word' id='word_1_268' title='bbox 986 3767 1087 3830; x_wconf 92' lang='lat' dir='ltr'>imum</span> <span class='ocrx_word' id='word_1_269' title='bbox 1120 3766 1261 3852; x_wconf 87' lang='lat' dir='ltr'>spatium</span> <span class='ocrx_word' id='word_1_270' title='bbox 1294 3764 1508 3850; x_wconf 78' lang='lat' dir='ltr'>lon‘gitudinis</span> <span class='ocrx_word' id='word_1_271' title='bbox 1526 3779 1560 3827; x_wconf 87' lang='lat'>30</span> 
     </span>
    </p>
   </div>
   <div class='ocr_carea' id='block_1_4' title="bbox 366 3935 1616 4783">
    <p class='ocr_par' dir='ltr' id='par_1_10' title="bbox 366 3935 1616 4783">
     <span class='ocr_line' id='line_1_32' title="bbox 388 3935 1507 4004; baseline -0.002 -17"><span class='ocrx_word' id='word_1_272' title='bbox 388 3960 391 3964; x_wconf 94' lang='lat'>·</span> <span class='ocrx_word' id='word_1_273' title='bbox 436 3940 450 3987; x_wconf 93' lang='lat'>1</span> <span class='ocrx_word' id='word_1_274' title='bbox 468 3940 526 3986; x_wconf 88' lang='lat' dir='ltr'>tum</span> <span class='ocrx_word' id='word_1_275' title='bbox 538 3937 588 3988; x_wconf 78' lang='lat' dir='ltr'>GH</span> <span class='ocrx_word' id='word_1_276' title='bbox 601 3935 667 4001; x_wconf 73' lang='lat' dir='ltr'>(aa,</span> <span class='ocrx_word' id='word_1_277' title='bbox 681 3942 746 3987; x_wconf 87' lang='lat' dir='ltr'>tune</span> <span class='ocrx_word' id='word_1_278' title='bbox 765 3938 800 4002; x_wconf 77' lang='lat' dir='ltr'>b).</span> <span class='ocrx_word' id='word_1_279' title='bbox 818 3936 830 4004; x_wconf 72' lang='lat' dir='ltr'>ll</span> <span class='ocrx_word' id='word_1_280' title='bbox 844 3939 860 3988; x_wconf 78' lang='grc'>2</span> <span class='ocrx_word' id='word_1_281' title='bbox 879 3945 907 3989; x_wconf 94' lang='lat' dir='ltr'>et</span> <span class='ocrx_word' id='word_1_282' title='bbox 920 3938 1140 3989; x_wconf 88' lang='lat' dir='ltr'>detractionibus</span> <span class='ocrx_word' id='word_1_283' title='bbox 1152 3937 1198 3987; x_wconf 88' lang='lat' dir='ltr'>vel</span> <span class='ocrx_word' id='word_1_284' title='bbox 1212 3935 1269 4001; x_wconf 72' lang='lat' dir='ltr'>(syo</span> <span class='ocrx_word' id='word_1_285' title='bbox 1283 3937 1343 4002; x_wconf 87' lang='lat' dir='ltr'>aut)</span> <span class='ocrx_word' id='word_1_286' title='bbox 1362 3939 1423 3988; x_wconf 85' lang='lat' dir='ltr'>add.</span> <span class='ocrx_word' id='word_1_287' title='bbox 1435 3939 1507 3988; x_wconf 75' lang='lat' dir='ltr'>doe:</span> 
     </span>
     <span class='ocr_line' id='line_1_33' title="bbox 367 4019 1616 4088; baseline -0.002 -17"><span class='ocrx_word' id='word_1_288' title='bbox 367 4037 414 4074; x_wconf 72' lang='lat' dir='ltr'>ont.</span> <span class='ocrx_word' id='word_1_289' title='bbox 429 4022 481 4072; x_wconf 85' lang='lat' dir='ltr'>GH</span> <span class='ocrx_word' id='word_1_290' title='bbox 493 4019 626 4086; x_wconf 83' lang='lat' dir='ltr'>(speciem</span> <span class='ocrx_word' id='word_1_291' title='bbox 640 4021 861 4085; x_wconf 72' lang='lat' dir='ltr'>adiectionibus).</span> <span class='ocrx_word' id='word_1_292' title='bbox 879 4019 890 4088; x_wconf 89' lang='grc' dir='ltr'>ΙΙ</span> <span class='ocrx_word' id='word_1_293' title='bbox 907 4026 923 4073; x_wconf 90' lang='grc'>3</span> <span class='ocrx_word' id='word_1_294' title='bbox 943 4023 1076 4072; x_wconf 85' lang='lat' dir='ltr'>efficere.</span> <span class='ocrx_word' id='word_1_295' title='bbox 1090 4037 1150 4072; x_wconf 89' lang='lat' dir='ltr'>cum</span> <span class='ocrx_word' id='word_1_296' title='bbox 1164 4059 1191 4074; x_wconf 86' lang='lat'>..</span> <span class='ocrx_word' id='word_1_297' title='bbox 1205 4060 1211 4073; x_wconf 86' lang='lat'><em>.</em></span> <span class='ocrx_word' id='word_1_298' title='bbox 1226 4021 1367 4072; x_wconf 86' lang='lat' dir='ltr'>adiectum</span> <span class='ocrx_word' id='word_1_299' title='bbox 1380 4058 1386 4073; x_wconf 90' lang='lat'><strong>.</strong></span> <span class='ocrx_word' id='word_1_300' title='bbox 1400 4021 1454 4070; x_wconf 85' lang='lat' dir='ltr'>uti:</span> <span class='ocrx_word' id='word_1_301' title='bbox 1472 4022 1510 4069; x_wconf 82' lang='lat' dir='ltr'>sic</span> <span class='ocrx_word' id='word_1_302' title='bbox 1609 4027 1616 4040; x_wconf 82' lang='lat'><strong><em>¹</em></strong></span> 
     </span>
     <span class='ocr_line' id='line_1_34' title="bbox 369 4101 1509 4172; baseline -0.001 -17"><span class='ocrx_word' id='word_1_303' title='bbox 369 4106 427 4156; x_wconf 82' lang='lat' dir='ltr'>GH.</span> <span class='ocrx_word' id='word_1_304' title='bbox 452 4101 466 4172; x_wconf 73' lang='lat' dir='ltr'>ll</span> <span class='ocrx_word' id='word_1_305' title='bbox 487 4108 503 4156; x_wconf 87' lang='lat'>8</span> <span class='ocrx_word' id='word_1_306' title='bbox 520 4105 557 4156; x_wconf 91' lang='lat' dir='ltr'>sit</span> <span class='ocrx_word' id='word_1_307' title='bbox 575 4107 745 4157; x_wconf 85' lang='lat' dir='ltr'>faciundum:</span> <span class='ocrx_word' id='word_1_308' title='bbox 763 4109 801 4157; x_wconf 79' lang='lat' dir='ltr'>sic</span> <span class='ocrx_word' id='word_1_309' title='bbox 820 4108 872 4157; x_wconf 79' lang='lat' dir='ltr'>GH</span> <span class='ocrx_word' id='word_1_310' title='bbox 889 4105 970 4171; x_wconf 86' lang='lat' dir='ltr'>(Llc).</span> <span class='ocrx_word' id='word_1_311' title='bbox 993 4103 1005 4172; x_wconf 79' lang='grc' dir='ltr'>ΙΙ</span> <span class='ocrx_word' id='word_1_312' title='bbox 1029 4109 1061 4156; x_wconf 88' lang='lat'>10</span> <span class='ocrx_word' id='word_1_313' title='bbox 1078 4106 1169 4171; x_wconf 74' lang='lat' dir='ltr'>scenis</span> <span class='ocrx_word' id='word_1_314' title='bbox 1189 4105 1210 4154; x_wconf 87' lang='grc' dir='ltr'>(ι’</span> <span class='ocrx_word' id='word_1_315' title='bbox 1228 4103 1348 4167; x_wconf 86' lang='lat' dir='ltr'>(scaenis</span> <span class='ocrx_word' id='word_1_316' title='bbox 1365 4104 1415 4168; x_wconf 63' lang='grc' dir='ltr'>ωε</span> <span class='ocrx_word' id='word_1_317' title='bbox 1447 4120 1509 4154; x_wconf 82' lang='lat' dir='ltr'>cae·</span> 
     </span>
     <span class='ocr_line' id='line_1_35' title="bbox 366 4186 1508 4267; baseline 0 -28"><span class='ocrx_word' id='word_1_318' title='bbox 366 4190 411 4239; x_wconf 87' lang='lat' dir='ltr'>nis</span> <span class='ocrx_word' id='word_1_319' title='bbox 428 4191 458 4239; x_wconf 91' lang='lat' dir='ltr'><em>H</em></span> <span class='ocrx_word' id='word_1_320' title='bbox 477 4186 526 4253; x_wconf 76' lang='lat' dir='ltr'>(et,</span> <span class='ocrx_word' id='word_1_321' title='bbox 546 4191 623 4256; x_wconf 71' lang='lat' dir='ltr'>cenis</span> <span class='ocrx_word' id='word_1_322' title='bbox 640 4193 669 4254; x_wconf 80' lang='lat' dir='ltr'>l).</span> <span class='ocrx_word' id='word_1_323' title='bbox 690 4188 703 4257; x_wconf 82' lang='lat' dir='ltr'>ll</span> <span class='ocrx_word' id='word_1_324' title='bbox 727 4194 756 4240; x_wconf 87' lang='lat'>11</span> <span class='ocrx_word' id='word_1_325' title='bbox 777 4192 893 4257; x_wconf 67' lang='lat' dir='ltr'>ecphore</span> <span class='ocrx_word' id='word_1_326' title='bbox 913 4191 948 4240; x_wconf 83' lang='lat' dir='ltr'>G:</span> <span class='ocrx_word' id='word_1_327' title='bbox 968 4191 1103 4256; x_wconf 85' lang='lat' dir='ltr'>esphorae</span> <span class='ocrx_word' id='word_1_328' title='bbox 1122 4191 1151 4239; x_wconf 88' lang='lat' dir='ltr'><em>H</em></span> <span class='ocrx_word' id='word_1_329' title='bbox 1169 4188 1315 4267; x_wconf 44' lang='lat' dir='ltr'>(saphara</span> <span class='ocrx_word' id='word_1_330' title='bbox 1333 4191 1369 4248; x_wconf 88' lang='lat' dir='ltr'>L,</span> <span class='ocrx_word' id='word_1_331' title='bbox 1393 4189 1508 4254; x_wconf 70' lang='lat' dir='ltr'>esphore</span> 
     </span>
     <span class='ocr_line' id='line_1_36' title="bbox 366 4286 1509 4357; baseline 0.001 -18"><span class='ocrx_word' id='word_1_332' title='bbox 366 4292 406 4352; x_wconf 82' lang='grc' dir='ltr'>σΙι,</span> <span class='ocrx_word' id='word_1_333' title='bbox 426 4306 456 4340; x_wconf 86' lang='lat' dir='ltr'>es</span> <span class='ocrx_word' id='word_1_334' title='bbox 474 4290 560 4355; x_wconf 83' lang='lat' dir='ltr'>phora</span> <span class='ocrx_word' id='word_1_335' title='bbox 578 4292 607 4354; x_wconf 86' lang='lat' dir='ltr'>l).</span> <span class='ocrx_word' id='word_1_336' title='bbox 629 4288 643 4357; x_wconf 83' lang='grc' dir='ltr'>ΙΙ</span> <span class='ocrx_word' id='word_1_337' title='bbox 667 4295 698 4343; x_wconf 81' lang='grc'>15</span> <span class='ocrx_word' id='word_1_338' title='bbox 716 4291 832 4357; x_wconf 85' lang='lat' dir='ltr'>liquoris</span> <span class='ocrx_word' id='word_1_339' title='bbox 851 4292 872 4341; x_wconf 76' lang='lat'><strong><em>6</em></strong></span> <span class='ocrx_word' id='word_1_340' title='bbox 891 4290 952 4355; x_wconf 87' lang='lat' dir='ltr'><em>(L):</em></span> <span class='ocrx_word' id='word_1_341' title='bbox 979 4291 1099 4356; x_wconf 86' lang='lat' dir='ltr'>liquores</span> <span class='ocrx_word' id='word_1_342' title='bbox 1118 4291 1146 4338; x_wconf 93' lang='lat' dir='ltr'><em>H</em></span> <span class='ocrx_word' id='word_1_343' title='bbox 1165 4288 1219 4354; x_wconf 85' lang='lat' dir='ltr'>(lc).</span> <span class='ocrx_word' id='word_1_344' title='bbox 1243 4286 1255 4355; x_wconf 85' lang='grc' dir='ltr'>ΙΙ</span> <span class='ocrx_word' id='word_1_345' title='bbox 1284 4292 1315 4339; x_wconf 87' lang='grc'>16</span> <span class='ocrx_word' id='word_1_346' title='bbox 1333 4290 1439 4340; x_wconf 89' lang='lat' dir='ltr'>dimissi</span> <span class='ocrx_word' id='word_1_347' title='bbox 1458 4292 1509 4341; x_wconf 82' lang='lat' dir='ltr'>GH</span> 
     </span>
     <span class='ocr_line' id='line_1_37' title="bbox 367 4364 1552 4441; baseline 0.002 -18"><span class='ocrx_word' id='word_1_348' title='bbox 367 4364 450 4439; x_wconf 76' lang='lat' dir='ltr'>(Ll&#39;c).</span> <span class='ocrx_word' id='word_1_349' title='bbox 472 4369 486 4440; x_wconf 79' lang='grc' dir='ltr'>Ι]</span> <span class='ocrx_word' id='word_1_350' title='bbox 509 4375 541 4425; x_wconf 87' lang='grc'>18</span> <span class='ocrx_word' id='word_1_351' title='bbox 559 4390 610 4425; x_wconf 87' lang='lat' dir='ltr'>eae</span> <span class='ocrx_word' id='word_1_352' title='bbox 628 4377 656 4425; x_wconf 89' lang='lat' dir='ltr'><em>H</em></span> <span class='ocrx_word' id='word_1_353' title='bbox 675 4374 735 4441; x_wconf 63' lang='grc' dir='ltr'>(ωε</span> <span class='ocrx_word' id='word_1_354' title='bbox 754 4376 807 4425; x_wconf 87' lang='lat' dir='ltr'>hae</span> <span class='ocrx_word' id='word_1_355' title='bbox 827 4376 849 4425; x_wconf 82' lang='lat' dir='ltr'><em>G</em></span> <span class='ocrx_word' id='word_1_356' title='bbox 867 4374 927 4438; x_wconf 76' lang='lat' dir='ltr'>(cb).</span> <span class='ocrx_word' id='word_1_357' title='bbox 951 4390 1048 4438; x_wconf 85' lang='lat' dir='ltr'>aquae</span> <span class='ocrx_word' id='word_1_358' title='bbox 1064 4373 1124 4438; x_wconf 86' lang='lat' dir='ltr'>(pro</span> <span class='ocrx_word' id='word_1_359' title='bbox 1144 4380 1226 4438; x_wconf 83' lang='lat' dir='ltr'>atque</span> <span class='ocrx_word' id='word_1_360' title='bbox 1245 4374 1307 4439; x_wconf 85' lang='lat' dir='ltr'>eae)</span> <span class='ocrx_word' id='word_1_361' title='bbox 1326 4377 1342 4428; x_wconf 84' lang='lat'>1.</span> <span class='ocrx_word' id='word_1_362' title='bbox 1365 4372 1377 4441; x_wconf 74' lang='lat' dir='ltr'>ll</span> <span class='ocrx_word' id='word_1_363' title='bbox 1399 4378 1431 4425; x_wconf 88' lang='grc'>19</span> <span class='ocrx_word' id='word_1_364' title='bbox 1449 4376 1508 4425; x_wconf 87' lang='lat' dir='ltr'>siue</span> <span class='ocrx_word' id='word_1_365' title='bbox 1550 4389 1552 4393; x_wconf 84' lang='grc'><strong>’</strong></span> 
     </span>
     <span class='ocr_line' id='line_1_38' title="bbox 368 4456 1509 4529; baseline 0.002 -22"><span class='ocrx_word' id='word_1_366' title='bbox 368 4459 395 4507; x_wconf 93' lang='lat' dir='ltr'><em>H</em></span> <span class='ocrx_word' id='word_1_367' title='bbox 414 4456 500 4521; x_wconf 84' lang='lat' dir='ltr'>(Llc):</span> <span class='ocrx_word' id='word_1_368' title='bbox 528 4462 588 4509; x_wconf 86' lang='lat' dir='ltr'>sine</span> <span class='ocrx_word' id='word_1_369' title='bbox 609 4460 637 4510; x_wconf 85' lang='lat' dir='ltr'>G.</span> <span class='ocrx_word' id='word_1_370' title='bbox 661 4457 674 4526; x_wconf 77' lang='lat' dir='ltr'>{l</span> <span class='ocrx_word' id='word_1_371' title='bbox 695 4463 727 4510; x_wconf 80' lang='lat'>21</span> <span class='ocrx_word' id='word_1_372' title='bbox 746 4465 862 4524; x_wconf 87' lang='lat' dir='ltr'>utraque</span> <span class='ocrx_word' id='word_1_373' title='bbox 885 4461 993 4529; x_wconf 82' lang='lat' dir='ltr'>ratione</span> <span class='ocrx_word' id='word_1_374' title='bbox 1011 4460 1082 4510; x_wconf 74' lang='lat' dir='ltr'>don:</span> <span class='ocrx_word' id='word_1_375' title='bbox 1109 4462 1254 4521; x_wconf 87' lang='lat' dir='ltr'>utramque</span> <span class='ocrx_word' id='word_1_376' title='bbox 1276 4460 1412 4509; x_wconf 87' lang='lat' dir='ltr'>rationem</span> <span class='ocrx_word' id='word_1_377' title='bbox 1432 4456 1509 4522; x_wconf 72' lang='lat' dir='ltr'>(-ne</span> 
     </span>
     <span class='ocr_line' id='line_1_39' title="bbox 368 4538 1510 4611; baseline 0.002 -21"><span class='ocrx_word' id='word_1_378' title='bbox 368 4541 400 4605; x_wconf 74' lang='grc' dir='ltr'>θ)</span> <span class='ocrx_word' id='word_1_379' title='bbox 421 4543 481 4596; x_wconf 85' lang='lat' dir='ltr'>GH.</span> <span class='ocrx_word' id='word_1_380' title='bbox 506 4538 519 4609; x_wconf 79' lang='grc' dir='ltr'>ΙΙ</span> <span class='ocrx_word' id='word_1_381' title='bbox 539 4545 573 4592; x_wconf 80' lang='grc'>24</span> <span class='ocrx_word' id='word_1_382' title='bbox 591 4544 657 4607; x_wconf 92' lang='lat' dir='ltr'>quin</span> <span class='ocrx_word' id='word_1_383' title='bbox 681 4546 714 4595; x_wconf 85' lang='lat' dir='ltr'>G:</span> <span class='ocrx_word' id='word_1_384' title='bbox 734 4560 816 4608; x_wconf 84' lang='lat' dir='ltr'>quam</span> <span class='ocrx_word' id='word_1_385' title='bbox 834 4545 863 4593; x_wconf 92' lang='lat' dir='ltr'><em>H</em></span> <span class='ocrx_word' id='word_1_386' title='bbox 880 4543 942 4608; x_wconf 72' lang='lat' dir='ltr'>(qua</span> <span class='ocrx_word' id='word_1_387' title='bbox 960 4545 1022 4603; x_wconf 75' lang='lat' dir='ltr'>Lu,</span> <span class='ocrx_word' id='word_1_388' title='bbox 1043 4547 1097 4606; x_wconf 73' lang='lat' dir='ltr'>oi.</span> <span class='ocrx_word' id='word_1_389' title='bbox 1116 4558 1139 4595; x_wconf 88' lang='lat' dir='ltr'>e.</span> <span class='ocrx_word' id='word_1_390' title='bbox 1158 4544 1282 4607; x_wconf 83' lang='lat' dir='ltr'>quode).</span> <span class='ocrx_word' id='word_1_391' title='bbox 1307 4542 1319 4611; x_wconf 77' lang='grc' dir='ltr'>ΙΙ</span> <span class='ocrx_word' id='word_1_392' title='bbox 1339 4547 1372 4594; x_wconf 78' lang='lat'>29</span> <span class='ocrx_word' id='word_1_393' title='bbox 1390 4560 1463 4609; x_wconf 86' lang='lat' dir='ltr'>aqua</span> <span class='ocrx_word' id='word_1_394' title='bbox 1481 4545 1510 4592; x_wconf 90' lang='lat' dir='ltr'><em>H</em></span> 
     </span>
     <span class='ocr_line' id='line_1_40' title="bbox 368 4623 1510 4700; baseline 0.007 -26"><span class='ocrx_word' id='word_1_395' title='bbox 368 4623 489 4690; x_wconf 80' lang='lat' dir='ltr'>(G0Llc):</span> <span class='ocrx_word' id='word_1_396' title='bbox 508 4642 578 4694; x_wconf 67' lang='lat' dir='ltr'>oque</span> <span class='ocrx_word' id='word_1_397' title='bbox 598 4630 628 4682; x_wconf 77' lang='grc' dir='ltr'>θ.</span> <span class='ocrx_word' id='word_1_398' title='bbox 652 4624 664 4695; x_wconf 74' lang='grc' dir='ltr'>Η</span> <span class='ocrx_word' id='word_1_399' title='bbox 689 4630 878 4678; x_wconf 89' lang='lat' dir='ltr'>commutatio:</span> <span class='ocrx_word' id='word_1_400' title='bbox 902 4630 939 4677; x_wconf 84' lang='lat' dir='ltr'>sic</span> <span class='ocrx_word' id='word_1_401' title='bbox 959 4628 1010 4679; x_wconf 82' lang='lat' dir='ltr'>GH</span> <span class='ocrx_word' id='word_1_402' title='bbox 1032 4627 1070 4691; x_wconf 80' lang='lat' dir='ltr'>(ut</span> <span class='ocrx_word' id='word_1_403' title='bbox 1085 4645 1112 4692; x_wconf 83' lang='lat' dir='ltr'>p.</span> <span class='ocrx_word' id='word_1_404' title='bbox 1130 4632 1171 4692; x_wconf 82' lang='lat'>90,</span> <span class='ocrx_word' id='word_1_405' title='bbox 1190 4632 1225 4679; x_wconf 77' lang='lat'>24</span> <span class='ocrx_word' id='word_1_406' title='bbox 1243 4637 1270 4678; x_wconf 87' lang='lat' dir='ltr'>et</span> <span class='ocrx_word' id='word_1_407' title='bbox 1286 4633 1348 4689; x_wconf 81' lang='lat'>105,</span> <span class='ocrx_word' id='word_1_408' title='bbox 1366 4629 1421 4697; x_wconf 78' lang='lat'><strong>29).</strong></span> <span class='ocrx_word' id='word_1_409' title='bbox 1442 4627 1454 4700; x_wconf 77' lang='lat' dir='ltr'>ss</span> <span class='ocrx_word' id='word_1_410' title='bbox 1477 4633 1510 4684; x_wconf 83' lang='lat'>30</span> 
     </span>
     <span class='ocr_line' id='line_1_41' title="bbox 367 4709 1308 4783; baseline 0.014 -25"><span class='ocrx_word' id='word_1_411' title='bbox 367 4709 455 4760; x_wconf 80' lang='lat' dir='ltr'>futuri</span> <span class='ocrx_word' id='word_1_412' title='bbox 472 4709 608 4762; x_wconf 85' lang='lat' dir='ltr'>locorum:</span> <span class='ocrx_word' id='word_1_413' title='bbox 626 4714 663 4763; x_wconf 84' lang='lat' dir='ltr'>sic</span> <span class='ocrx_word' id='word_1_414' title='bbox 683 4713 733 4764; x_wconf 87' lang='lat' dir='ltr'>GH</span> <span class='ocrx_word' id='word_1_415' title='bbox 751 4711 830 4777; x_wconf 76' lang='lat' dir='ltr'>(hle).</span> <span class='ocrx_word' id='word_1_416' title='bbox 848 4710 861 4781; x_wconf 74' lang='grc' dir='ltr'>ΙΙ</span> <span class='ocrx_word' id='word_1_417' title='bbox 882 4713 1139 4770; x_wconf 64' lang='lat' dir='ltr'>losnensium</span> <span class='ocrx_word' id='word_1_418' title='bbox 1159 4716 1210 4765; x_wconf 82' lang='lat' dir='ltr'>GH</span> <span class='ocrx_word' id='word_1_419' title='bbox 1227 4715 1308 4783; x_wconf 73' lang='lat' dir='ltr'>(Ele).</span> 
     </span>
    </p>
   </div>
   <div class='ocr_carea' id='block_1_5' title="bbox 0 0 1905 5625">
    <p class='ocr_par' dir='ltr' id='par_1_11' title="bbox 0 0 1905 5625">
     <span class='ocr_line' id='line_1_42' title="bbox 0 0 1905 5625; baseline 0 0"><span class='ocrx_word' id='word_1_420' title='bbox 0 0 1905 5625; x_wconf 95' lang='lat' dir='ltr'> </span> 
     </span>
    </p>
   </div>
  </div>
 </body>
</html>
