3784 5625
701 675 748 720 nn
771 673 1039 721 nucmrncruus
1061 674 1131 721 mr.
1152 676 1200 720 rx.
1458 659 1521 722 223

379 828 496 891 deatur
524 849 695 913 exponam.
741 828 809 889 eius
837 826 922 889 radii
949 828 985 889 in
1012 826 1132 889 mundo
1165 828 1214 890 uti
1241 828 1362 910 trigoni
1389 826 1523 912 paribus

379 927 537 992 lateribus
560 926 664 992 forma
686 927 917 992 lineationibus
939 927 1167 991 extenduntur.
1200 926 1235 991 id
1250 936 1360 990 autem
1375 949 1435 989 nec
1450 927 1523 1014 plus

379 1051 440 1093 nec
462 1030 570 1091 minus
594 1038 643 1093 est
666 1028 708 1091 ad
731 1030 880 1114 quintum
903 1029 945 1093 ab
970 1050 1007 1093 eo
1031 1031 1169 1113 signum.
1207 1030 1308 1113 igitur
1323 1029 1352 1093 si
1366 1028 1452 1092 radii
1467 1050 1524 1114 per

378 1152 506 1194 omnem
528 1130 687 1193 mundum
709 1129 775 1194 fusi
797 1129 1063 1194 circinationibus
1077 1142 1277 1213 vagarentur
1291 1152 1396 1216 neque
1412 1139 1524 1193 exten-

378 1231 524 1296 tionibus
553 1232 694 1318 porrecti
727 1231 770 1294 ad
798 1232 919 1315 trigoni
954 1230 1091 1294 formam
1124 1230 1336 1315 linearentur‚
1372 1233 1558 1318 propiora5

379 1332 567 1417 flagrarent.
611 1333 646 1396 id
662 1342 771 1396 autem
788 1333 886 1395 etiam
901 1331 1079 1418 Euripides
1096 1331 1296 1397 Graecorum
1310 1342 1407 1419 poeta
1421 1335 1524 1395 anim-

380 1434 565 1498 advertisse
588 1433 729 1497 videtur.
775 1436 822 1497 ait
844 1434 930 1496 enim
954 1455 1037 1519 quae
1051 1432 1181 1519 longius
1196 1456 1215 1497 a
1230 1433 1298 1499 sole
1314 1443 1423 1498 essent
1444 1432 1525 1497 haec

380 1536 604 1599 vehementius
632 1534 763 1618 ardere,
779 1564 780 1569 ¹
799 1536 951 1623 propiora
979 1557 1057 1599 vero
1085 1557 1159 1599 eum
1185 1545 1366 1622 temperata
1393 1535 1523 1599 habere.

379 1638 491 1723 itaque
524 1636 639 1700 scribit
672 1638 707 1699 in
741 1635 853 1701 fabula
885 1636 1088 1702 Phaethonte
1123 1638 1170 1701 sic
1204 1660 1291 1702 καιει
1323 1660 1364 1700 τα
1397 1656 1523 1720 troppo,

328 1756 361 1803 14
379 1743 553 1819 ταγγυθεν
576 1734 607 1800 d'
633 1736 769 1821 avaput'
795 1761 869 1821 εχει.
917 1740 945 1802 si
974 1760 1050 1824 ergo
1080 1760 1132 1802 res
1160 1746 1193 1802 et
1219 1741 1302 1803 ratio
1327 1748 1358 1802 et
1379 1739 1523 1802 testimo·
1544 1752 1576 1802 10

379 1839 472 1901 nium
499 1847 614 1925 poetae
648 1840 769 1902 veteris
793 1840 828 1902 id
851 1841 1011 1923 ostendit,
1044 1863 1110 1904 non
1136 1850 1215 1928 puto
1248 1840 1344 1904 aliter
1377 1848 1525 1926 oportere
1600 1904 1609 1912 κ

380 1940 519 2002 iudicari
552 1940 617 2003 nisi
651 1940 924 2026 quemadmodum
958 1941 999 2005 de
1027 1964 1066 2005 ea
1094 1964 1130 2005 re
1157 1965 1255 2030 supra
1282 1942 1440 2028 scriptum
1468 1940 1524 2003 ha-

380 2041 506 2103 bemus.

465 2141 556 2205 Iovis
585 2152 694 2207 autem
722 2145 807 2208 inter
829 2144 945 2209 Martis
970 2154 1001 2208 et
1024 2140 1158 2210 Saturni
1186 2145 1431 2208 circinationem
1453 2164 1524 2207 cur-

380 2265 455 2306 rens
478 2244 634 2309 maiorem
656 2266 753 2330 quam
775 2244 874 2326 Mars,
897 2247 1055 2309 minorem
1078 2268 1174 2331 quam
1197 2244 1354 2309 Saturnus
1376 2241 1525 2329 pervolat
1543 2258 1575 2307 15

381 2368 522 2408 cursum.
566 2347 645 2409 item
667 2344 811 2431 reliquae
833 2345 948 2410 stellae
976 2368 1039 2432 quo
1068 2348 1190 2411 maiore
1212 2346 1331 2409 absunt
1352 2347 1459 2430 spatio
1481 2343 1523 2407 ab

381 2456 527 2510 extremo
562 2446 650 2510 caelo
685 2468 942 2535 proxumamque
975 2447 1097 2511 habent
1129 2457 1235 2511 terrae
1268 2447 1523 2525 circinationem,

381 2547 517 2612 celerius
546 2550 720 2634 pervagari
748 2550 918 2631 videntur,
955 2548 1042 2634 quod
1070 2570 1293 2635 quaecumque
1326 2570 1435 2611 earum
1463 2548 1523 2610 mi·

379 2672 491 2713 norem
520 2651 762 2715 circinationem
789 2673 950 2738 peragens
980 2652 1109 2738 saepius
1137 2649 1269 2714 subiens
1292 2650 1449 2736 praeterit
1471 2672 1523 2713 su-

331 2771 363 2821 15
380 2751 551 2838 perierem.
596 2753 871 2839 quemadmodum
894 2754 922 2817 si
944 2753 979 2816 in
1001 2761 1073 2818 rota
1106 2774 1170 2839 qua
1197 2751 1289 2838 figuli
1317 2759 1454 2816 utuntur
1475 2752 1522 2814 in·
1541 2767 1574 2816 20

380 2855 508 2939 positae
536 2855 658 2919 fuerint
686 2864 810 2942 septem
839 2856 994 2919 formicae
1022 2853 1215 2940 canalesque
1236 2854 1375 2919 totidem
1396 2854 1431 2916 in
1452 2862 1524 2917 rota

380 2956 460 3019 facti
489 2957 555 3019 sint
583 2958 705 3020 circum
739 2965 886 3020 centrum
915 2958 979 3020 imo
1007 2956 1233 3019 adcrescentes
1260 2955 1303 3020 ad
1331 2964 1522 3035 extremum,

380 3058 416 3120 in
444 3058 562 3142 quibus
590 3058 651 3122 hae
683 3067 842 3143 cogantur
875 3058 1119 3122 circinationem
1153 3058 1275 3140 facere,
1308 3066 1524 3142 verseturque

380 3167 452 3222 rota
473 3160 508 3221 in
530 3158 665 3224 alteram
687 3169 829 3247 partem,
852 3181 986 3223 necesse
1008 3160 1070 3222 erit
1091 3181 1146 3224 eas
1169 3167 1281 3222 contra
1302 3167 1393 3223 rotae
1414 3178 1522 3220 versa-

380 3260 503 3323 tionem
525 3261 736 3326 nihilcminus
758 3248 916 3326 adversus
938 3263 1057 3325 itinera
1078 3259 1233 3348 perlicere
1256 3268 1287 3323 et
1309 3280 1391 3345 quae
1409 3257 1523 3346 proxi·
1541 3274 1574 3322 25

448 3538 463 3584 2
482 3536 616 3587 lateribus
630 3538 678 3587 ΕΘ
685 3554 691 3585 :
709 3536 898 3602 lateribusque
917 3539 946 3587 H
958 3536 1077 3602 (cetu).
1094 3533 1106 3603 ΙΙ
1124 3535 1290 3588 formam:
1309 3537 1416 3586 formae
1435 3533 1523 3602 (-mq

382 3619 412 3682 Θ,
434 3637 508 3669 —me
526 3621 562 3686 E)
580 3621 666 3671 EGH.
681 3617 693 3685 ΙΙ
715 3621 907 3672 liniationibus
925 3622 1009 3671 EGH.
1024 3617 1037 3688 ll
1052 3626 1067 3672 3
1081 3611 1204 3686 quiritum
1215 3622 1284 3676 don:
1305 3612 1399 3686 quinta
1412 3621 1498 3672 ΕΘΗ.
1510 3619 1522 3687 ll

379 3703 488 3768 signum
507 3704 602 3752 Reber:
628 3704 708 3767 signo
731 3704 816 3754 ΕΘΗ.
839 3701 852 3770 l]
874 3707 890 3755 5
912 3705 1078 3756 liniarentur
1097 3706 1150 3755 GH
1164 3704 1247 3768 (Llc),
1270 3704 1433 3770 limarentur
1455 3705 1488 3754 E.
1510 3703 1521 3769 ll

313 3832 319 3840 ,
379 3787 511 3853 propiora
533 3787 637 3836 H0Lllt:
668 3789 811 3853 propriora
839 3788 917 3839 ΕΘΗ
939 3787 985 3854 (c).
1008 3785 1020 3854 ΙΙ
1049 3792 1065 3839 8
1088 3791 1185 3839 ardere
1207 3805 1254 3840 om.
1279 3787 1380 3850 G(non
1402 3788 1453 3852 E),
1476 3791 1525 3838 sed

321 3882 323 3887 ⁴
378 3876 465 3936 suppl.
486 3872 527 3920 6⁶.
551 3867 563 3938 ΙΙ
585 3871 715 3936 propiora
733 3873 808 3922 E0L:
839 3874 982 3939 propriora
999 3874 1077 3924 ΕΘΗ
1095 3873 1216 3939 (propria
1233 3872 1277 3935 lc).
1300 3869 1312 3939 ll
1340 3872 1522 3936 9phaetonte

380 3958 411 4006 H
430 3955 593 4021 (phetontae
608 3956 637 4015 L,
657 3956 808 4020 phaetonte
827 3956 871 4022 lc),
890 3958 1021 4022 phetonte
1039 3954 1112 4021 (-te
1126 3957 1158 4019 Θ)
1176 3957 1233 4008 ΕΘ.
1254 3951 1266 4021 Π
1286 3969 1521 4006 xare1tatr0rrw·

380 4055 757 4105 'rauryrua1ereyxraraexe1
779 4041 857 4091 ΕΘΗ
885 4040 947 4104 (nisi
967 4043 1036 4108 quod
1057 4058 1072 4088 Λ
1095 4057 1144 4104 pro
1173 4056 1190 4089 a
1211 4055 1312 4104 semper
1332 4039 1409 4088 habet
1430 4039 1522 4099 E=c,

380 4129 457 4175 semel
475 4127 497 4175 Θ
514 4141 629 4175 namma
648 4163 654 4175 .
670 4163 675 4174 .
691 4162 713 4184 .,
732 4133 758 4175 et
775 4128 844 4191 quod
865 4127 983 4176 dimidiae
1000 4128 1047 4175 litt.
1065 4123 1095 4174 Π
1110 4130 1212 4188 parter,
1236 4135 1301 4188 quae
1322 4129 1415 4188 postea
1434 4123 1523 4185 factae

380 4217 437 4260 sant
458 4211 512 4268 ΤΓ,
531 4215 626 4261 clarius
643 4217 767 4259 monstrat
783 4210 814 4258 H
829 4211 879 4258 sic:
907 4207 967 4272 ἹΓ).
993 4211 1060 4258 unde
1079 4199 1194 4273 erinpert’
1221 4208 1293 4270 doc,
1321 4196 1469 4279 τάγγύθεν
1492 4195 1519 4256 δ’

385 4295 506 4345 Vuiclceu.
535 4291 547 4360 11
576 4297 607 4344 14
630 4293 838 4344 circinationem
862 4293 923 4344 EG:
951 4293 1122 4343 circitionem
1150 4292 1180 4340 H
1202 4291 1249 4354 (L,
1273 4292 1422 4342 circionem
1444 4291 1487 4354 lc).
1508 4290 1521 4357 ll

382 4380 412 4430 17
433 4395 591 4443 proxumam
610 4381 639 4429 H
656 4376 715 4443 (Ε).
733 4374 745 4444 ll
762 4378 972 4427 circinationem
984 4378 1046 4427 EG:
1066 4376 1234 4426 circitionem
1252 4377 1282 4425 H
1300 4376 1343 4438 (L,
1360 4378 1409 4426 aed
1426 4376 1524 4427 circui-

381 4463 483 4513 tionem
502 4465 542 4515 dic
559 4466 608 4523 L0,
633 4463 780 4514 circionem
797 4463 842 4525 lc).
869 4459 880 4528 ΙΙ
910 4463 941 4511 18
961 4461 1078 4512 celerius
1098 4460 1228 4512 videntur
1248 4461 1330 4511 ΕΘΗ
1348 4459 1521 4527 (percurrere

380 4551 516 4608 toalea,
538 4549 687 4615 pervagari
709 4564 755 4613 epo
778 4555 805 4598 ut
821 4564 848 4612 p.
866 4550 932 4608 224,
951 4544 988 4609 1).
1010 4543 1023 4611 ΙΙ
1045 4561 1139 4595 earum
1157 4547 1212 4595 ed:
1235 4561 1327 4596 eorum
1344 4547 1430 4598 EGH.
1455 4543 1467 4613 ss
1489 4549 1522 4597 22

380 4634 434 4684 imo
451 4650 498 4698 epo
518 4634 562 4698 (ab
581 4635 635 4683 imo
654 4632 756 4694 Scia.):
774 4633 804 4682 in
822 4632 876 4681 imo
895 4631 980 4685 EGH.
1004 4626 1016 4695 ΙΙ
1038 4633 1071 4681 25
1091 4630 1269 4680 nihilominus
1291 4631 1341 4682 ΕΘ
1362 4631 1421 4697 (Ε);
1452 4632 1521 4686 nihil

382 4719 470 4767 minus
491 4718 521 4766 H
543 4717 596 4784 (lc).
622 4715 634 4785 ΙΙ
657 4717 803 4768 adversus:
820 4719 858 4768 cic
877 4715 964 4766 ΕΘΗ.
