3784 5625
421 663 485 726 284
658 676 815 723 vrruuvrr
837 675 884 720 na
907 673 1174 722 assumserunt
1198 675 1269 721 nra.
1290 680 1326 721 x.

421 830 622 895 Massilitani
649 829 806 915 suspicati
832 836 934 891 totam
963 849 1045 913 quae
1067 827 1172 891 fuerat
1193 836 1270 891 ante
1291 849 1420 891 murum
1442 828 1564 893 fossam

420 932 536 996 altiore
569 932 697 995 fossura
729 929 971 1016 depresserrmt.
1020 930 1068 993 ita
1098 951 1214 1014 specus
1247 951 1359 994 omnes
1392 933 1503 995 exitus
1530 931 1565 994 in

421 1035 543 1099 fossam
570 1033 763 1097 habuerunt.
808 1030 927 1117 quibus
961 1039 1070 1095 autem
1101 1030 1182 1095 locis
1209 1030 1297 1096 fossa
1323 1054 1388 1096 non
1415 1041 1565 1119 potuerat

421 1135 503 1217 fieri,
525 1137 613 1199 intra
633 1155 762 1198 murum
783 1132 974 1196 barathrum
994 1132 1196 1217 amplissima
1217 1130 1424 1217 longitudine
1445 1143 1479 1197 et
1500 1156 1564 1197 am-

388 1258 403 1305 5
420 1237 583 1325 plitudine
605 1237 654 1299 uti
675 1237 837 1322 piscinam
859 1234 1008 1298 fecerrmt
1030 1244 1144 1298 contra
1159 1256 1232 1298 eum
1246 1232 1354 1298 locum
1368 1257 1433 1321 qua
1448 1258 1565 1323 specus

420 1339 618 1425 agebantur,
642 1358 777 1423 eamque
799 1358 817 1399 e
838 1337 945 1423 puteis
969 1345 1001 1400 et
1023 1358 1041 1399 e
1062 1345 1160 1423 portu
1180 1335 1410 1423 impleverunt.
1454 1337 1565 1423 itaque

421 1464 496 1504 cum
523 1461 639 1526 specus
667 1448 753 1503 esset
781 1447 915 1525 repente
936 1437 1070 1502 naribus
1092 1439 1231 1525 apertis,
1261 1438 1438 1502 vehemens
1461 1460 1566 1524 aquae

422 1545 473 1607 vis
495 1543 632 1605 inmissa
654 1539 880 1627 supplantavit
900 1538 1051 1621 fulturaS,
1075 1541 1195 1626 quique
1217 1541 1303 1603 intra
1318 1539 1451 1604 fuerunt
1474 1550 1507 1604 et
1521 1540 1564 1603 ab

420 1665 523 1730 aquae
550 1641 760 1706 multitudine
783 1651 815 1706 et
836 1641 878 1704 ab
901 1643 996 1705 ruina
1023 1663 1138 1727 specus
1166 1663 1277 1707 omnes
1306 1650 1381 1705 sunt
1404 1643 1564 1729 oppressi.

274 1743 276 1747 ’
373 1747 520 1811 lectiam
546 1766 619 1808 cunr
646 1765 749 1828 agger
770 1742 813 1806 ad
834 1766 964 1807 murum
983 1753 1096 1808 contra
1118 1765 1173 1807 eos
1195 1754 1438 1829 compararetur
1461 1752 1493 1807 et
1515 1766 1565 1806 ar·
1586 1758 1616 1804 12

421 1846 556 1911 boribus
584 1846 704 1909 excisis
732 1866 834 1931 eoque
861 1843 1037 1910 conlocatis
1060 1844 1150 1909 locus
1173 1845 1326 1930 operibus
1350 1866 1565 1930 exaggerare-

420 1957 489 2030 tur,
518 1945 660 2010 ballistis
683 1955 793 2010 vectes
816 1945 939 2009 ferreos
969 1945 1144 2010 candentes
1166 1947 1201 2009 in
1222 1946 1258 2010 id
1278 1945 1440 2011 mittendo
1463 1952 1576 2012 totam'

420 2050 634 2113 munitionem
661 2057 837 2132 coegerunt
864 2046 1075 2131 conflagrare.
1120 2048 1250 2112 testudo
1277 2057 1386 2112 autem
1411 2050 1567 2112 arietaria

421 2172 495 2215 cum
515 2150 558 2213 ad
580 2171 708 2213 murum
730 2147 926 2236 pulsandum
947 2151 1152 2231 accessisset,
1175 2150 1392 2235 permiserunt
1413 2140 1566 2237 laqueum

372 2272 403 2319 15
421 2262 453 2317 et
480 2276 518 2317 eo
541 2254 643 2316 ariete
665 2252 854 2333 constricto,
877 2272 936 2337 per
956 2261 1149 2337 tympanum
1171 2260 1284 2335 ergata
1305 2252 1565 2335 circumagentes

420 2376 577 2442 suspenso
606 2355 711 2439 capite
739 2354 808 2416 eius
830 2375 896 2416 non
918 2362 994 2417 sunt
1016 2354 1106 2441 passi
1128 2354 1219 2439 tangi
1241 2375 1369 2417 murum
1376 2402 1385 2435 ,
1415 2352 1566 2440 doneque

419 2465 522 2521 totam
548 2455 732 2519 machinam
754 2453 912 2519 malleolis
936 2446 1151 2519 candentibus
1174 2470 1206 2519 11
1228 2453 1435 2518 ballistarum
1457 2454 1566 2542 plagis

420 2558 675 2645 dissipaverunt.
719 2557 767 2620 ita
794 2577 832 2619 ea
859 2556 1000 2621 victoria
1031 2558 1182 2621 civitates
1215 2579 1281 2621 non
1312 2555 1473 2620 machinis
1507 2555 1568 2620 sed

420 2668 532 2724 contra
568 2658 790 2722 machinarum
825 2659 985 2723 rationem
1020 2657 1272 2723 architectorum
1308 2656 1454 2723 sollertia
1490 2667 1568 2722 sunt

370 2783 403 2830 20
420 2760 588 2826 liberatae.

506 2861 597 2941 Quas
620 2863 712 2949 potui
734 2861 775 2925 de
792 2861 957 2926 'machinis
980 2862 1136 2950 expedire
1154 2864 1297 2927 rationes
1315 2872 1347 2927 et
1361 2862 1454 2948 pacis
1470 2860 1568 2926 belli-

421 2984 483 3049 que
504 2963 705 3050 temporibus
728 2963 919 3028 utilissimas
942 2966 1074 3050 putavi,
1103 2965 1138 3027 in
1160 2963 1221 3028 hoc
1243 2950 1415 3028 volumine*
1429 2963 1568 3050 perfeci.

420 3066 455 3128 in
482 3065 645 3151 prioribus
676 3087 754 3130 vero
782 3087 901 3130 novem
928 3066 970 3130 de
998 3065 1135 3150 singulis
1162 3065 1338 3150 generibus
1361 3076 1393 3129 et
1415 3065 1570 3151 partibus

420 3171 616 3254 comparavi,
640 3169 689 3231 1111
710 3177 814 3233 totum
837 3190 954 3255 corpus
977 3168 1085 3231 omnia
1105 3168 1341 3231 architecturae
1362 3160 1513 3232 membra
1534 3168 1569 3230 in

369 3288 402 3336 ‘25
421 3268 533 3332 decern
554 3268 776 3334 voluminibus
798 3268 935 3333 haberet
958 3267 1131 3355 explicata.

489 3527 503 3574 l
522 3525 677 3574 masilitani
695 3525 744 3574 EG
761 3532 787 3575 et
804 3533 864 3575 ante
882 3542 952 3578 corr.
971 3526 1000 3572 H
1018 3523 1115 3588 (mass
1133 3527 1210 3587 Herc,
1230 3525 1426 3576 massilinitani
1443 3523 1491 3590 L).
1514 3521 1528 3592 11
1552 3529 1571 3576 4

421 3609 581 3688 1111111111
605 3626 648 3676 Gv.
672 3622 683 3691 11
707 3628 723 3676 5
747 3631 776 3675 ut
798 3625 832 3678 Ε.
861 3622 873 3691 11
902 3630 932 3677 13
956 3627 1112 3692 conflagare
1137 3628 1188 3677 GH
1214 3633 1239 3676 et
1265 3635 1324 3676 ante
1347 3643 1416 3676 corr.
1441 3626 1474 3678 Ε.
1498 3623 1511 3692 11
1537 3629 1571 3677 14

420 3711 573 3774 pmiserunt
596 3709 655 3776 (stc)
679 3711 764 3763 EGH.
793 3707 805 3777 11
834 3713 865 3760 16
888 3711 1011 3776 doneque
1033 3728 1093 3776 epo:
1120 3711 1240 3775 denique
1263 3713 1342 3762 ΕΘΗ
1364 3710 1436 3772 (Llc,
1458 3713 1510 3761 aed
1533 3712 1571 3760 6⁶

420 3794 560 3858 deinque).
585 3791 597 3860 11
620 3797 652 3846 18
669 3810 714 3845 ea:
741 3810 791 3845 eae
810 3796 840 3843 H
857 3794 928 3858 (haee
947 3796 984 3853 L,
1001 3797 1050 3845 sed
1066 3812 1146 3859 supra
1165 3811 1205 3845 eae
1224 3797 1274 3854 11⁶,
1293 3795 1327 3845 he
1346 3798 1366 3853 1,
1385 3795 1493 3860 111111),
1513 3795 1571 3845 hae

421 3880 477 3933 EG.
501 3876 513 3944 11
536 3879 654 3929 victoria
672 3882 725 3929 ed:
745 3881 878 3931 victoriae
898 3880 983 3929 EGH.
1004 3875 1016 3944 11
1041 3879 1283 3932 civitatensem:
1304 3880 1422 3929 civitati
1442 3879 1531 3929 EGH.
1555 3878 1568 3943 11

420 3967 451 4013 21
471 3965 593 4014 rationes
612 3965 690 4028 pacis
713 3964 792 4014 EGH
814 3965 853 4024 (11
876 3966 937 4014 add.
963 3964 1060 4025 Scia).
1083 3959 1095 4029 11
1123 3966 1155 4013 22
1173 3962 1236 4012 t.&
1253 3960 1295 4027 (11
1317 3964 1378 4026 Ec)
1401 3963 1571 4014 utilissimas

422 4049 500 4098 EGH
518 4046 558 4112 (et
570 4051 620 4099 dcl.
640 4047 738 4111 Solea).
763 4045 776 4113 11
798 4049 831 4098 25
849 4048 938 4098 decim
955 4052 987 4099 lc.

488 4183 608 4234 Vitruvii
620 4183 692 4233 liber
704 4185 729 4233 X
743 4181 858 4247 explicit
870 4181 996 4232 feliciter
1008 4181 1141 4243 (decimus
1155 4165 1376 4248 111111111111).
1395 4182 1439 4232 Do
1458 4184 1570 4248 gratias

422 4283 502 4317 amen
519 4268 549 4316 H
559 4267 604 4331 (L,
616 4268 738 4318 Vitruvii
749 4268 821 4317 liber
832 4267 954 4316 decimus
968 4266 1080 4331 explicit
1093 4266 1215 4317 felicitur
1234 4263 1307 4329 (sic).
1320 4282 1400 4316 amen
1411 4283 1433 4326 c,
1452 4268 1572 4318 11111111-

419 4352 460 4402 vii
470 4351 542 4402 liber
554 4351 675 4402 decimus
688 4352 804 4417 explicit
816 4327 1048 4404 feliciterfflmen
1059 4350 1083 4408 1,
1101 4351 1225 4417 Explicit
1235 4350 1307 4401 liber
1319 4351 1441 4401 decimus
1451 4351 1571 4402 vitruvii

420 4433 532 4500 11111111
550 4452 630 4487 amen
646 4438 676 4501 l),
696 4424 816 4487 Vitrurii
825 4474 832 4486 .
841 4435 912 4487 liber
922 4475 929 4488 .
938 4435 982 4485 X.
995 4435 1110 4500 explicit
1121 4471 1127 4484 .
1137 4436 1260 4487 feliciter
1271 4451 1385 4489 ,amem
1399 4436 1455 4486 EG.

877 4674 1106 4682 ——-
