<?xml version="1.0" encoding="UTF-8"?>
<!DOCTYPE html PUBLIC "-//W3C//DTD XHTML 1.0 Transitional//EN"
    "http://www.w3.org/TR/xhtml1/DTD/xhtml1-transitional.dtd">
<html xmlns="http://www.w3.org/1999/xhtml" xml:lang="en" lang="en">
 <head>
  <title>
</title>
<meta http-equiv="Content-Type" content="text/html;charset=utf-8" />
  <meta name='ocr-system' content='tesseract 3.04.00' />
  <meta name='ocr-capabilities' content='ocr_page ocr_carea ocr_par ocr_line ocrx_word'/>
</head>
<body>
  <div class='ocr_page' id='page_1' title='image "./vitruviidearchi01strgoog_0171.png"; bbox 0 0 3784 5625; ppageno 0'>
   <div class='ocr_carea' id='block_1_1' title="bbox 682 653 1502 719">
    <p class='ocr_par' dir='ltr' id='par_1_1' title="bbox 682 653 1502 719">
     <span class='ocr_line' id='line_1_1' title="bbox 682 653 1502 719; baseline 0.01 -9"><span class='ocrx_word' id='word_1_1' title='bbox 682 664 729 711; x_wconf 86' lang='lat' dir='ltr'>nu</span> <span class='ocrx_word' id='word_1_2' title='bbox 752 664 1020 713; x_wconf 75' lang='lat' dir='ltr'>Ancnrrncruan</span> <span class='ocrx_word' id='word_1_3' title='bbox 1043 667 1112 713; x_wconf 82' lang='lat' dir='ltr'>nio.</span> <span class='ocrx_word' id='word_1_4' title='bbox 1136 668 1181 714; x_wconf 84' lang='lat' dir='ltr'>vi.</span> <span class='ocrx_word' id='word_1_5' title='bbox 1441 653 1502 719; x_wconf 82' lang='lat'>153</span> 
     </span>
    </p>
   </div>
   <div class='ocr_carea' id='block_1_2' title="bbox 305 799 1614 3525">
    <p class='ocr_par' dir='ltr' id='par_1_2' title="bbox 360 799 1536 1617">
     <span class='ocr_line' id='line_1_2' title="bbox 360 799 1503 904; baseline 0.005 -23"><span class='ocrx_word' id='word_1_6' title='bbox 360 819 472 904; x_wconf 88' lang='lat' dir='ltr'>gentia</span> <span class='ocrx_word' id='word_1_7' title='bbox 510 818 544 881; x_wconf 95' lang='lat' dir='ltr'>in</span> <span class='ocrx_word' id='word_1_8' title='bbox 576 818 604 881; x_wconf 92' lang='lat' dir='ltr'>is</span> <span class='ocrx_word' id='word_1_9' title='bbox 638 818 831 883; x_wconf 91' lang='lat' dir='ltr'>adhibeatur</span> <span class='ocrx_word' id='word_1_10' title='bbox 837 867 846 901; x_wconf 99' lang='lat'>,</span> <span class='ocrx_word' id='word_1_11' title='bbox 884 841 950 883; x_wconf 92' lang='lat' dir='ltr'>non</span> <span class='ocrx_word' id='word_1_12' title='bbox 988 799 1095 884; x_wconf 83' lang='lat' dir='ltr'>minus</span> <span class='ocrx_word' id='word_1_13' title='bbox 1134 822 1232 884; x_wconf 89' lang='lat' dir='ltr'>etiam</span> <span class='ocrx_word' id='word_1_14' title='bbox 1263 820 1503 887; x_wconf 88' lang='lat' dir='ltr'>observandum</span> 
     </span>
     <span class='ocr_line' id='line_1_3' title="bbox 361 919 1502 1010; baseline 0.003 -27"><span class='ocrx_word' id='word_1_15' title='bbox 361 929 409 983; x_wconf 91' lang='lat' dir='ltr'>est</span> <span class='ocrx_word' id='word_1_16' title='bbox 444 920 494 983; x_wconf 92' lang='lat' dir='ltr'>uti</span> <span class='ocrx_word' id='word_1_17' title='bbox 527 941 637 983; x_wconf 89' lang='lat' dir='ltr'>omnes</span> <span class='ocrx_word' id='word_1_18' title='bbox 666 928 846 985; x_wconf 83' lang='lat' dir='ltr'><strong>structurae</strong></span> <span class='ocrx_word' id='word_1_19' title='bbox 879 919 1111 1008; x_wconf 87' lang='lat' dir='ltr'>perpendiculo</span> <span class='ocrx_word' id='word_1_20' title='bbox 1149 922 1367 1008; x_wconf 82' lang='lat' dir='ltr'>respondeant</span> <span class='ocrx_word' id='word_1_21' title='bbox 1398 946 1502 1010; x_wconf 88' lang='lat' dir='ltr'>neque</span> 
     </span>
     <span class='ocr_line' id='line_1_4' title="bbox 360 1019 1502 1113; baseline 0.004 -29"><span class='ocrx_word' id='word_1_22' title='bbox 360 1021 503 1085; x_wconf 84' lang='lat' dir='ltr'>habeant</span> <span class='ocrx_word' id='word_1_23' title='bbox 529 1022 565 1083; x_wconf 91' lang='lat' dir='ltr'>in</span> <span class='ocrx_word' id='word_1_24' title='bbox 591 1019 657 1083; x_wconf 90' lang='lat' dir='ltr'>ulla</span> <span class='ocrx_word' id='word_1_25' title='bbox 684 1030 776 1113; x_wconf 81' lang='lat' dir='ltr'>parte</span> <span class='ocrx_word' id='word_1_26' title='bbox 803 1024 1065 1110; x_wconf 87' lang='lat' dir='ltr'>proclinationes.</span> <span class='ocrx_word' id='word_1_27' title='bbox 1115 1024 1259 1087; x_wconf 84' lang='lat' dir='ltr'>maxima</span> <span class='ocrx_word' id='word_1_28' title='bbox 1290 1034 1398 1088; x_wconf 90' lang='lat' dir='ltr'>autem</span> <span class='ocrx_word' id='word_1_29' title='bbox 1433 1048 1502 1089; x_wconf 89' lang='lat' dir='ltr'>esse</span> 
     </span>
     <span class='ocr_line' id='line_1_5' title="bbox 361 1123 1501 1210; baseline 0.005 -25"><span class='ocrx_word' id='word_1_30' title='bbox 361 1123 460 1186; x_wconf 87' lang='lat' dir='ltr'>debet</span> <span class='ocrx_word' id='word_1_31' title='bbox 488 1144 564 1185; x_wconf 90' lang='lat' dir='ltr'>cura</span> <span class='ocrx_word' id='word_1_32' title='bbox 592 1123 881 1208; x_wconf 83' lang='lat' dir='ltr'>substructionum,</span> <span class='ocrx_word' id='word_1_33' title='bbox 915 1123 1003 1210; x_wconf 92' lang='lat' dir='ltr'>quod</span> <span class='ocrx_word' id='word_1_34' title='bbox 1028 1126 1063 1188; x_wconf 93' lang='lat' dir='ltr'>in</span> <span class='ocrx_word' id='word_1_35' title='bbox 1090 1124 1142 1189; x_wconf 94' lang='lat' dir='ltr'>his</span> <span class='ocrx_word' id='word_1_36' title='bbox 1175 1125 1302 1191; x_wconf 89' lang='lat' dir='ltr'>infinita</span> <span class='ocrx_word' id='word_1_37' title='bbox 1335 1127 1418 1191; x_wconf 88' lang='lat' dir='ltr'>vitia</span> <span class='ocrx_word' id='word_1_38' title='bbox 1451 1150 1501 1191; x_wconf 92' lang='lat' dir='ltr'>so-</span> 
     </span>
     <span class='ocr_line' id='line_1_6' title="bbox 361 1223 1536 1313; baseline 0.004 -27"><span class='ocrx_word' id='word_1_39' title='bbox 361 1223 406 1287; x_wconf 91' lang='lat' dir='ltr'>let</span> <span class='ocrx_word' id='word_1_40' title='bbox 427 1223 535 1287; x_wconf 88' lang='lat' dir='ltr'>facere</span> <span class='ocrx_word' id='word_1_41' title='bbox 562 1232 667 1287; x_wconf 88' lang='lat' dir='ltr'>terrae</span> <span class='ocrx_word' id='word_1_42' title='bbox 696 1227 871 1309; x_wconf 90' lang='lat' dir='ltr'>congestio.</span> <span class='ocrx_word' id='word_1_43' title='bbox 923 1248 961 1289; x_wconf 88' lang='lat' dir='ltr'>ea</span> <span class='ocrx_word' id='word_1_44' title='bbox 983 1228 1067 1290; x_wconf 89' lang='lat' dir='ltr'>enirn</span> <span class='ocrx_word' id='word_1_45' title='bbox 1095 1249 1160 1290; x_wconf 93' lang='lat' dir='ltr'>non</span> <span class='ocrx_word' id='word_1_46' title='bbox 1187 1235 1295 1313; x_wconf 90' lang='lat' dir='ltr'>potest</span> <span class='ocrx_word' id='word_1_47' title='bbox 1322 1250 1394 1292; x_wconf 87' lang='lat' dir='ltr'>esse</span> <span class='ocrx_word' id='word_1_48' title='bbox 1420 1243 1536 1292; x_wconf 87' lang='lat' dir='ltr'>sem-5</span> 
     </span>
     <span class='ocr_line' id='line_1_7' title="bbox 361 1325 1502 1414; baseline 0.003 -26"><span class='ocrx_word' id='word_1_49' title='bbox 361 1347 420 1412; x_wconf 93' lang='lat' dir='ltr'>per</span> <span class='ocrx_word' id='word_1_50' title='bbox 445 1347 510 1388; x_wconf 91' lang='lat' dir='ltr'>uno</span> <span class='ocrx_word' id='word_1_51' title='bbox 537 1325 679 1412; x_wconf 92' lang='lat' dir='ltr'>pondere</span> <span class='ocrx_word' id='word_1_52' title='bbox 710 1348 772 1413; x_wconf 91' lang='lat' dir='ltr'>quo</span> <span class='ocrx_word' id='word_1_53' title='bbox 802 1327 883 1392; x_wconf 92' lang='lat' dir='ltr'>solet</span> <span class='ocrx_word' id='word_1_54' title='bbox 906 1350 976 1391; x_wconf 89' lang='lat' dir='ltr'>esse</span> <span class='ocrx_word' id='word_1_55' title='bbox 998 1350 1056 1414; x_wconf 91' lang='lat' dir='ltr'>per</span> <span class='ocrx_word' id='word_1_56' title='bbox 1076 1337 1248 1410; x_wconf 84' lang='lat' dir='ltr'>aestatem,</span> <span class='ocrx_word' id='word_1_57' title='bbox 1277 1329 1335 1393; x_wconf 90' lang='lat' dir='ltr'>sed</span> <span class='ocrx_word' id='word_1_58' title='bbox 1356 1328 1502 1393; x_wconf 84' lang='lat' dir='ltr'>hibernis</span> 
     </span>
     <span class='ocr_line' id='line_1_8' title="bbox 360 1427 1502 1514; baseline 0.002 -23"><span class='ocrx_word' id='word_1_59' title='bbox 360 1427 561 1514; x_wconf 85' lang='lat' dir='ltr'>temporibus</span> <span class='ocrx_word' id='word_1_60' title='bbox 584 1428 771 1513; x_wconf 90' lang='lat' dir='ltr'>recipiendo</span> <span class='ocrx_word' id='word_1_61' title='bbox 800 1450 842 1492; x_wconf 87' lang='lat' dir='ltr'>ex</span> <span class='ocrx_word' id='word_1_62' title='bbox 864 1427 1024 1492; x_wconf 87' lang='lat' dir='ltr'>imbribus</span> <span class='ocrx_word' id='word_1_63' title='bbox 1046 1450 1149 1514; x_wconf 90' lang='lat' dir='ltr'>aquae</span> <span class='ocrx_word' id='word_1_64' title='bbox 1170 1429 1412 1493; x_wconf 88' lang='lat' dir='ltr'>multitudinem</span> <span class='ocrx_word' id='word_1_65' title='bbox 1435 1453 1502 1494; x_wconf 91' lang='lat' dir='ltr'>cre·</span> 
     </span>
     <span class='ocr_line' id='line_1_9' title="bbox 361 1529 1501 1617; baseline 0.003 -24"><span class='ocrx_word' id='word_1_66' title='bbox 361 1550 455 1593; x_wconf 88' lang='lat' dir='ltr'>scens</span> <span class='ocrx_word' id='word_1_67' title='bbox 484 1538 516 1592; x_wconf 88' lang='lat' dir='ltr'>et</span> <span class='ocrx_word' id='word_1_68' title='bbox 538 1530 680 1615; x_wconf 87' lang='lat' dir='ltr'>pondere</span> <span class='ocrx_word' id='word_1_69' title='bbox 709 1538 741 1593; x_wconf 89' lang='lat' dir='ltr'>et</span> <span class='ocrx_word' id='word_1_70' title='bbox 762 1529 977 1617; x_wconf 82' lang='lat' dir='ltr'>amplitudine</span> <span class='ocrx_word' id='word_1_71' title='bbox 999 1530 1174 1616; x_wconf 86' lang='lat' dir='ltr'>disrumpit</span> <span class='ocrx_word' id='word_1_72' title='bbox 1197 1541 1229 1594; x_wconf 91' lang='lat' dir='ltr'>et</span> <span class='ocrx_word' id='word_1_73' title='bbox 1251 1531 1398 1595; x_wconf 87' lang='lat' dir='ltr'>extrudit</span> <span class='ocrx_word' id='word_1_74' title='bbox 1420 1541 1501 1596; x_wconf 91' lang='lat' dir='ltr'>stru·</span> 
     </span>
    </p>

    <p class='ocr_par' dir='ltr' id='par_1_3' title="bbox 330 1630 1610 2427">
     <span class='ocr_line' id='line_1_10' title="bbox 330 1630 1505 1717; baseline 0.002 -24"><span class='ocrx_word' id='word_1_75' title='bbox 330 1646 345 1693; x_wconf 85' lang='lat'><strong>6</strong></span> <span class='ocrx_word' id='word_1_76' title='bbox 364 1640 528 1694; x_wconf 89' lang='lat' dir='ltr'>cturarum</span> <span class='ocrx_word' id='word_1_77' title='bbox 550 1630 724 1717; x_wconf 88' lang='lat' dir='ltr'>septioncs.</span> <span class='ocrx_word' id='word_1_78' title='bbox 774 1633 884 1717; x_wconf 84' lang='lat' dir='ltr'>itaque</span> <span class='ocrx_word' id='word_1_79' title='bbox 911 1639 948 1695; x_wconf 93' lang='lat' dir='ltr'>ut</span> <span class='ocrx_word' id='word_1_80' title='bbox 969 1631 1045 1695; x_wconf 90' lang='lat' dir='ltr'>huic</span> <span class='ocrx_word' id='word_1_81' title='bbox 1068 1633 1148 1696; x_wconf 89' lang='lat' dir='ltr'>vitio</span> <span class='ocrx_word' id='word_1_82' title='bbox 1170 1631 1348 1714; x_wconf 80' lang='lat' dir='ltr'>medeatur,</span> <span class='ocrx_word' id='word_1_83' title='bbox 1373 1634 1420 1697; x_wconf 88' lang='lat' dir='ltr'>sic</span> <span class='ocrx_word' id='word_1_84' title='bbox 1442 1634 1505 1696; x_wconf 91' lang='lat' dir='ltr'>erit</span> 
     </span>
     <span class='ocr_line' id='line_1_11' title="bbox 361 1730 1555 1820; baseline 0.004 -26"><span class='ocrx_word' id='word_1_85' title='bbox 361 1730 551 1796; x_wconf 87' lang='lat' dir='ltr'>faciundum</span> <span class='ocrx_word' id='word_1_86' title='bbox 582 1741 618 1796; x_wconf 92' lang='lat' dir='ltr'>ut</span> <span class='ocrx_word' id='word_1_87' title='bbox 651 1733 791 1818; x_wconf 92' lang='lat' dir='ltr'>primum</span> <span class='ocrx_word' id='word_1_88' title='bbox 817 1756 874 1819; x_wconf 89' lang='lat' dir='ltr'>pro</span> <span class='ocrx_word' id='word_1_89' title='bbox 903 1732 1119 1820; x_wconf 89' lang='lat' dir='ltr'>amplitudine</span> <span class='ocrx_word' id='word_1_90' title='bbox 1146 1735 1365 1818; x_wconf 83' lang='lat' dir='ltr'>congestionis</span> <span class='ocrx_word' id='word_1_91' title='bbox 1388 1735 1555 1799; x_wconf 91' lang='lat' dir='ltr'>crassi-10</span> 
     </span>
     <span class='ocr_line' id='line_1_12' title="bbox 360 1833 1504 1917; baseline 0.001 -20"><span class='ocrx_word' id='word_1_92' title='bbox 360 1833 440 1898; x_wconf 92' lang='lat' dir='ltr'>tudo</span> <span class='ocrx_word' id='word_1_93' title='bbox 470 1842 651 1898; x_wconf 87' lang='lat' dir='ltr'>structurae</span> <span class='ocrx_word' id='word_1_94' title='bbox 684 1835 914 1917; x_wconf 86' lang='lat' dir='ltr'>constituatur,</span> <span class='ocrx_word' id='word_1_95' title='bbox 943 1835 1063 1899; x_wconf 87' lang='lat' dir='ltr'>deinde</span> <span class='ocrx_word' id='word_1_96' title='bbox 1088 1836 1123 1898; x_wconf 92' lang='lat' dir='ltr'>in</span> <span class='ocrx_word' id='word_1_97' title='bbox 1145 1835 1306 1900; x_wconf 89' lang='lat' dir='ltr'>frontibus</span> <span class='ocrx_word' id='word_1_98' title='bbox 1328 1836 1504 1917; x_wconf 88' lang='lat' dir='ltr'>anterides,</span> 
     </span>
     <span class='ocr_line' id='line_1_13' title="bbox 363 1936 1610 2023; baseline 0.002 -24"><span class='ocrx_word' id='word_1_99' title='bbox 363 1937 434 1999; x_wconf 85' lang='lat' dir='ltr'>sive</span> <span class='ocrx_word' id='word_1_100' title='bbox 470 1936 607 2000; x_wconf 88' lang='lat' dir='ltr'>erismae</span> <span class='ocrx_word' id='word_1_101' title='bbox 640 1944 730 2019; x_wconf 90' lang='lat' dir='ltr'>sunt,</span> <span class='ocrx_word' id='word_1_102' title='bbox 758 1958 822 2000; x_wconf 91' lang='lat' dir='ltr'>una</span> <span class='ocrx_word' id='word_1_103' title='bbox 850 1945 1031 2020; x_wconf 90' lang='lat' dir='ltr'>struantur,</span> <span class='ocrx_word' id='word_1_104' title='bbox 1060 1957 1180 2022; x_wconf 90' lang='lat' dir='ltr'>eaeque</span> <span class='ocrx_word' id='word_1_105' title='bbox 1207 1938 1292 2000; x_wconf 87' lang='lat' dir='ltr'>inter</span> <span class='ocrx_word' id='word_1_106' title='bbox 1318 1958 1353 2000; x_wconf 91' lang='lat' dir='ltr'>se</span> <span class='ocrx_word' id='word_1_107' title='bbox 1382 1936 1505 2023; x_wconf 76' lang='lat' dir='ltr'>distent</span> <span class='ocrx_word' id='word_1_108' title='bbox 1602 1963 1610 1977; x_wconf 71' lang='lat'><strong><em>‘</em></strong></span> 
     </span>
     <span class='ocr_line' id='line_1_14' title="bbox 362 2036 1504 2124; baseline 0 -23"><span class='ocrx_word' id='word_1_109' title='bbox 362 2046 453 2101; x_wconf 90' lang='lat' dir='ltr'>tanto</span> <span class='ocrx_word' id='word_1_110' title='bbox 469 2039 573 2123; x_wconf 89' lang='lat' dir='ltr'>spatio</span> <span class='ocrx_word' id='word_1_111' title='bbox 598 2047 718 2124; x_wconf 88' lang='lat' dir='ltr'>quanta</span> <span class='ocrx_word' id='word_1_112' title='bbox 739 2036 878 2103; x_wconf 91' lang='lat' dir='ltr'>altitudo</span> <span class='ocrx_word' id='word_1_113' title='bbox 901 2038 1151 2102; x_wconf 88' lang='lat' dir='ltr'>substructionis</span> <span class='ocrx_word' id='word_1_114' title='bbox 1174 2048 1223 2102; x_wconf 91' lang='lat' dir='ltr'>est</span> <span class='ocrx_word' id='word_1_115' title='bbox 1245 2038 1366 2120; x_wconf 86' lang='lat' dir='ltr'>futura,</span> <span class='ocrx_word' id='word_1_116' title='bbox 1389 2040 1504 2101; x_wconf 89' lang='lat' dir='ltr'>erassi-</span> 
     </span>
     <span class='ocr_line' id='line_1_15' title="bbox 362 2138 1504 2227; baseline 0.001 -25"><span class='ocrx_word' id='word_1_117' title='bbox 362 2138 477 2203; x_wconf 87' lang='lat' dir='ltr'>tudine</span> <span class='ocrx_word' id='word_1_118' title='bbox 492 2140 607 2203; x_wconf 92' lang='lat' dir='ltr'>eadem</span> <span class='ocrx_word' id='word_1_119' title='bbox 622 2161 688 2227; x_wconf 88' lang='lat' dir='ltr'>qua</span> <span class='ocrx_word' id='word_1_120' title='bbox 707 2138 914 2204; x_wconf 91' lang='lat' dir='ltr'>substructio.</span> <span class='ocrx_word' id='word_1_121' title='bbox 952 2150 1143 2226; x_wconf 89' lang='lat' dir='ltr'>procurrant</span> <span class='ocrx_word' id='word_1_122' title='bbox 1165 2149 1273 2204; x_wconf 89' lang='lat' dir='ltr'>autern</span> <span class='ocrx_word' id='word_1_123' title='bbox 1295 2138 1337 2203; x_wconf 92' lang='lat' dir='ltr'>ab</span> <span class='ocrx_word' id='word_1_124' title='bbox 1359 2141 1424 2204; x_wconf 92' lang='lat' dir='ltr'>imo</span> <span class='ocrx_word' id='word_1_125' title='bbox 1445 2162 1504 2225; x_wconf 92' lang='lat' dir='ltr'>pro</span> 
     </span>
     <span class='ocr_line' id='line_1_16' title="bbox 362 2240 1555 2325; baseline 0.003 -23"><span class='ocrx_word' id='word_1_126' title='bbox 362 2262 460 2325; x_wconf 91' lang='lat' dir='ltr'>quam</span> <span class='ocrx_word' id='word_1_127' title='bbox 479 2241 661 2305; x_wconf 90' lang='lat' dir='ltr'>crassitudo</span> <span class='ocrx_word' id='word_1_128' title='bbox 684 2243 863 2306; x_wconf 90' lang='lat' dir='ltr'>constituta</span> <span class='ocrx_word' id='word_1_129' title='bbox 881 2240 982 2306; x_wconf 89' lang='lat' dir='ltr'>fuerit</span> <span class='ocrx_word' id='word_1_130' title='bbox 1003 2241 1265 2323; x_wconf 88' lang='lat' dir='ltr'>substructionis,</span> <span class='ocrx_word' id='word_1_131' title='bbox 1290 2240 1408 2304; x_wconf 87' lang='lat' dir='ltr'>deinde</span> <span class='ocrx_word' id='word_1_132' title='bbox 1430 2256 1555 2306; x_wconf 79' lang='lat' dir='ltr'>con-15</span> 
     </span>
     <span class='ocr_line' id='line_1_17' title="bbox 362 2341 1505 2427; baseline -0.001 -23"><span class='ocrx_word' id='word_1_133' title='bbox 362 2341 534 2406; x_wconf 90' lang='lat' dir='ltr'>trahantur</span> <span class='ocrx_word' id='word_1_134' title='bbox 560 2341 723 2427; x_wconf 86' lang='lat' dir='ltr'>gradatim</span> <span class='ocrx_word' id='word_1_135' title='bbox 749 2344 797 2406; x_wconf 93' lang='lat' dir='ltr'>ita</span> <span class='ocrx_word' id='word_1_136' title='bbox 823 2343 873 2406; x_wconf 90' lang='lat' dir='ltr'>uti</span> <span class='ocrx_word' id='word_1_137' title='bbox 901 2365 1060 2406; x_wconf 87' lang='lat' dir='ltr'>summam</span> <span class='ocrx_word' id='word_1_138' title='bbox 1085 2341 1228 2406; x_wconf 89' lang='lat' dir='ltr'>habeant</span> <span class='ocrx_word' id='word_1_139' title='bbox 1255 2342 1505 2427; x_wconf 89' lang='lat' dir='ltr'>prominentiam</span> 
     </span>
    </p>

    <p class='ocr_par' dir='ltr' id='par_1_4' title="bbox 331 2442 1504 2627">
     <span class='ocr_line' id='line_1_18' title="bbox 331 2442 1504 2531; baseline -0.001 -26"><span class='ocrx_word' id='word_1_140' title='bbox 331 2457 346 2505; x_wconf 82' lang='grc'><strong>7</strong></span> <span class='ocrx_word' id='word_1_141' title='bbox 364 2453 486 2530; x_wconf 90' lang='lat' dir='ltr'>quanta</span> <span class='ocrx_word' id='word_1_142' title='bbox 501 2446 608 2530; x_wconf 90' lang='lat' dir='ltr'>operis</span> <span class='ocrx_word' id='word_1_143' title='bbox 625 2454 674 2509; x_wconf 88' lang='lat' dir='ltr'>est</span> <span class='ocrx_word' id='word_1_144' title='bbox 697 2442 889 2508; x_wconf 89' lang='lat' dir='ltr'>crassitudo.</span> <span class='ocrx_word' id='word_1_145' title='bbox 933 2452 1102 2531; x_wconf 87' lang='lat' dir='ltr'>praeterea</span> <span class='ocrx_word' id='word_1_146' title='bbox 1123 2444 1292 2507; x_wconf 61' lang='lat' dir='ltr'>introrsus,</span> <span class='ocrx_word' id='word_1_147' title='bbox 1306 2452 1418 2506; x_wconf 90' lang='lat' dir='ltr'>contra</span> <span class='ocrx_word' id='word_1_148' title='bbox 1440 2450 1504 2505; x_wconf 90' lang='lat' dir='ltr'>ter·</span> 
     </span>
     <span class='ocr_line' id='line_1_19' title="bbox 362 2543 1504 2627; baseline -0.001 -20"><span class='ocrx_word' id='word_1_149' title='bbox 362 2566 477 2609; x_wconf 90' lang='lat' dir='ltr'>renum</span> <span class='ocrx_word' id='word_1_150' title='bbox 490 2547 670 2611; x_wconf 88' lang='lat' dir='ltr'>coniuncta</span> <span class='ocrx_word' id='word_1_151' title='bbox 691 2568 783 2609; x_wconf 90' lang='lat' dir='ltr'>muro</span> <span class='ocrx_word' id='word_1_152' title='bbox 805 2546 955 2608; x_wconf 86' lang='lat' dir='ltr'>serratim</span> <span class='ocrx_word' id='word_1_153' title='bbox 977 2555 1154 2627; x_wconf 87' lang='lat' dir='ltr'>struantur,</span> <span class='ocrx_word' id='word_1_154' title='bbox 1175 2546 1224 2608; x_wconf 92' lang='lat' dir='ltr'>uti</span> <span class='ocrx_word' id='word_1_155' title='bbox 1247 2543 1368 2627; x_wconf 83' lang='lat' dir='ltr'>singuli</span> <span class='ocrx_word' id='word_1_156' title='bbox 1391 2543 1504 2608; x_wconf 90' lang='lat' dir='ltr'>dentes</span> 
     </span>
    </p>

    <p class='ocr_par' dir='ltr' id='par_1_5' title="bbox 305 2644 1504 2732">
     <span class='ocr_line' id='line_1_20' title="bbox 305 2644 1504 2732; baseline -0.001 -22"><span class='ocrx_word' id='word_1_157' title='bbox 305 2662 309 2700; x_wconf 79' lang='lat'><em>¹</em></span> <span class='ocrx_word' id='word_1_158' title='bbox 362 2646 405 2711; x_wconf 91' lang='lat' dir='ltr'>ab</span> <span class='ocrx_word' id='word_1_159' title='bbox 427 2670 520 2711; x_wconf 92' lang='lat' dir='ltr'>muro</span> <span class='ocrx_word' id='word_1_160' title='bbox 541 2657 668 2711; x_wconf 89' lang='lat' dir='ltr'>tantum</span> <span class='ocrx_word' id='word_1_161' title='bbox 691 2647 814 2712; x_wconf 90' lang='lat' dir='ltr'>distent</span> <span class='ocrx_word' id='word_1_162' title='bbox 836 2656 957 2732; x_wconf 90' lang='lat' dir='ltr'>quanta</span> <span class='ocrx_word' id='word_1_163' title='bbox 978 2645 1117 2711; x_wconf 86' lang='lat' dir='ltr'>altitudo</span> <span class='ocrx_word' id='word_1_164' title='bbox 1139 2645 1250 2710; x_wconf 87' lang='lat' dir='ltr'>futura</span> <span class='ocrx_word' id='word_1_165' title='bbox 1273 2648 1334 2709; x_wconf 91' lang='lat' dir='ltr'>erit</span> <span class='ocrx_word' id='word_1_166' title='bbox 1356 2644 1504 2709; x_wconf 90' lang='lat' dir='ltr'>substru-</span> 
     </span>
    </p>

    <p class='ocr_par' dir='ltr' id='par_1_6' title="bbox 337 2736 1614 3525">
     <span class='ocr_line' id='line_1_21' title="bbox 337 2736 1556 2833; baseline 0 -22"><span class='ocrx_word' id='word_1_167' title='bbox 337 2766 341 2776; x_wconf 92' lang='lat'>·</span> <span class='ocrx_word' id='word_1_168' title='bbox 364 2750 498 2833; x_wconf 90' lang='lat' dir='ltr'>ctionis,</span> <span class='ocrx_word' id='word_1_169' title='bbox 531 2748 763 2815; x_wconf 88' lang='lat' dir='ltr'>crassitudines</span> <span class='ocrx_word' id='word_1_170' title='bbox 790 2758 899 2814; x_wconf 88' lang='lat' dir='ltr'>autem</span> <span class='ocrx_word' id='word_1_171' title='bbox 920 2736 1063 2814; x_wconf 83' lang='lat' dir='ltr'>habeant</span> <span class='ocrx_word' id='word_1_172' title='bbox 1085 2748 1232 2812; x_wconf 87' lang='lat' dir='ltr'>dentium</span> <span class='ocrx_word' id='word_1_173' title='bbox 1254 2756 1435 2812; x_wconf 86' lang='lat' dir='ltr'>structurae</span> <span class='ocrx_word' id='word_1_174' title='bbox 1456 2747 1505 2810; x_wconf 91' lang='lat' dir='ltr'>uti</span> <span class='ocrx_word' id='word_1_175' title='bbox 1523 2762 1556 2811; x_wconf 82' lang='lat'>20</span> 
     </span>
     <span class='ocr_line' id='line_1_22' title="bbox 362 2848 1504 2936; baseline -0.001 -22"><span class='ocrx_word' id='word_1_176' title='bbox 362 2852 459 2915; x_wconf 87' lang='lat' dir='ltr'>muri.</span> <span class='ocrx_word' id='word_1_177' title='bbox 508 2853 587 2916; x_wconf 92' lang='lat' dir='ltr'>item</span> <span class='ocrx_word' id='word_1_178' title='bbox 607 2853 643 2916; x_wconf 92' lang='lat' dir='ltr'>in</span> <span class='ocrx_word' id='word_1_179' title='bbox 665 2853 818 2917; x_wconf 84' lang='lat' dir='ltr'>extremis</span> <span class='ocrx_word' id='word_1_180' title='bbox 841 2851 970 2936; x_wconf 90' lang='lat' dir='ltr'>angulis</span> <span class='ocrx_word' id='word_1_181' title='bbox 992 2873 1065 2916; x_wconf 90' lang='lat' dir='ltr'>cum</span> <span class='ocrx_word' id='word_1_182' title='bbox 1086 2873 1251 2915; x_wconf 85' lang='lat' dir='ltr'>recessum</span> <span class='ocrx_word' id='word_1_183' title='bbox 1273 2850 1372 2915; x_wconf 85' lang='lat' dir='ltr'>fuerit</span> <span class='ocrx_word' id='word_1_184' title='bbox 1392 2848 1435 2913; x_wconf 91' lang='lat' dir='ltr'>ab</span> <span class='ocrx_word' id='word_1_185' title='bbox 1456 2850 1504 2913; x_wconf 92' lang='lat' dir='ltr'>in-</span> 
     </span>
     <span class='ocr_line' id='line_1_23' title="bbox 362 2953 1506 3041; baseline -0.002 -25"><span class='ocrx_word' id='word_1_186' title='bbox 362 2953 481 3016; x_wconf 87' lang='lat' dir='ltr'>teriore</span> <span class='ocrx_word' id='word_1_187' title='bbox 507 2953 626 3037; x_wconf 89' lang='lat' dir='ltr'>angulo</span> <span class='ocrx_word' id='word_1_188' title='bbox 648 2955 754 3041; x_wconf 91' lang='lat' dir='ltr'>spatio</span> <span class='ocrx_word' id='word_1_189' title='bbox 776 2953 960 3017; x_wconf 89' lang='lat' dir='ltr'>altitudinis</span> <span class='ocrx_word' id='word_1_190' title='bbox 983 2953 1252 3035; x_wconf 77' lang='lat' dir='ltr'>substructioniS,</span> <span class='ocrx_word' id='word_1_191' title='bbox 1280 2953 1315 3016; x_wconf 91' lang='lat' dir='ltr'>in</span> <span class='ocrx_word' id='word_1_192' title='bbox 1335 2960 1506 3037; x_wconf 89' lang='lat' dir='ltr'>utramque</span> 
     </span>
     <span class='ocr_line' id='line_1_24' title="bbox 363 3043 1505 3140; baseline 0 -23"><span class='ocrx_word' id='word_1_193' title='bbox 363 3063 490 3140; x_wconf 87' lang='lat' dir='ltr'>partem</span> <span class='ocrx_word' id='word_1_194' title='bbox 520 3056 666 3140; x_wconf 90' lang='lat' dir='ltr'>signetur</span> <span class='ocrx_word' id='word_1_195' title='bbox 695 3065 727 3119; x_wconf 91' lang='lat' dir='ltr'>et</span> <span class='ocrx_word' id='word_1_196' title='bbox 754 3055 796 3119; x_wconf 93' lang='lat' dir='ltr'>ab</span> <span class='ocrx_word' id='word_1_197' title='bbox 823 3055 874 3119; x_wconf 88' lang='lat' dir='ltr'>his</span> <span class='ocrx_word' id='word_1_198' title='bbox 894 3056 1000 3140; x_wconf 88' lang='lat' dir='ltr'>signis</span> <span class='ocrx_word' id='word_1_199' title='bbox 1024 3054 1192 3140; x_wconf 90' lang='lat' dir='ltr'>diagonios</span> <span class='ocrx_word' id='word_1_200' title='bbox 1214 3064 1377 3120; x_wconf 90' lang='lat' dir='ltr'>structura</span> <span class='ocrx_word' id='word_1_201' title='bbox 1399 3043 1505 3118; x_wconf 88' lang='lat' dir='ltr'>conlo-</span> 
     </span>
     <span class='ocr_line' id='line_1_25' title="bbox 364 3155 1505 3240; baseline -0.001 -21"><span class='ocrx_word' id='word_1_202' title='bbox 364 3165 472 3236; x_wconf 89' lang='lat' dir='ltr'>cetur,</span> <span class='ocrx_word' id='word_1_203' title='bbox 505 3165 537 3221; x_wconf 86' lang='lat' dir='ltr'>et</span> <span class='ocrx_word' id='word_1_204' title='bbox 567 3157 609 3222; x_wconf 93' lang='lat' dir='ltr'>ab</span> <span class='ocrx_word' id='word_1_205' title='bbox 638 3179 676 3220; x_wconf 87' lang='lat' dir='ltr'>ea</span> <span class='ocrx_word' id='word_1_206' title='bbox 703 3158 811 3221; x_wconf 89' lang='lat' dir='ltr'>media</span> <span class='ocrx_word' id='word_1_207' title='bbox 837 3156 940 3220; x_wconf 88' lang='lat' dir='ltr'>altera</span> <span class='ocrx_word' id='word_1_208' title='bbox 968 3158 1138 3222; x_wconf 89' lang='lat' dir='ltr'>coniuncta</span> <span class='ocrx_word' id='word_1_209' title='bbox 1166 3179 1239 3220; x_wconf 91' lang='lat' dir='ltr'>cum</span> <span class='ocrx_word' id='word_1_210' title='bbox 1265 3155 1384 3240; x_wconf 82' lang='lat' dir='ltr'>angulo</span> <span class='ocrx_word' id='word_1_211' title='bbox 1411 3155 1505 3220; x_wconf 91' lang='lat' dir='ltr'>muri.</span> 
     </span>
     <span class='ocr_line' id='line_1_26' title="bbox 363 3255 1557 3344; baseline 0 -25"><span class='ocrx_word' id='word_1_212' title='bbox 363 3258 410 3320; x_wconf 90' lang='lat' dir='ltr'>ita</span> <span class='ocrx_word' id='word_1_213' title='bbox 432 3255 547 3322; x_wconf 88' lang='lat' dir='ltr'>dentes</span> <span class='ocrx_word' id='word_1_214' title='bbox 570 3269 602 3323; x_wconf 90' lang='lat' dir='ltr'>et</span> <span class='ocrx_word' id='word_1_215' title='bbox 624 3258 797 3344; x_wconf 88' lang='lat' dir='ltr'>diagonioe</span> <span class='ocrx_word' id='word_1_216' title='bbox 818 3268 1000 3324; x_wconf 89' lang='lat' dir='ltr'>structurae</span> <span class='ocrx_word' id='word_1_217' title='bbox 1021 3280 1087 3323; x_wconf 91' lang='lat' dir='ltr'>non</span> <span class='ocrx_word' id='word_1_218' title='bbox 1107 3259 1272 3344; x_wconf 88' lang='lat' dir='ltr'>patientur</span> <span class='ocrx_word' id='word_1_219' title='bbox 1293 3266 1362 3322; x_wconf 90' lang='lat' dir='ltr'>tota</span> <span class='ocrx_word' id='word_1_220' title='bbox 1384 3259 1419 3320; x_wconf 87' lang='lat' dir='ltr'>vi</span> <span class='ocrx_word' id='word_1_221' title='bbox 1433 3277 1504 3342; x_wconf 92' lang='lat' dir='ltr'>pre·</span> <span class='ocrx_word' id='word_1_222' title='bbox 1524 3270 1557 3319; x_wconf 81' lang='lat'>25</span> 
     </span>
     <span class='ocr_line' id='line_1_27' title="bbox 363 3358 1614 3451; baseline 0 -30"><span class='ocrx_word' id='word_1_223' title='bbox 363 3380 453 3423; x_wconf 89' lang='lat' dir='ltr'>mere</span> <span class='ocrx_word' id='word_1_224' title='bbox 485 3381 635 3442; x_wconf 88' lang='lat' dir='ltr'>murum,</span> <span class='ocrx_word' id='word_1_225' title='bbox 669 3360 727 3424; x_wconf 92' lang='lat' dir='ltr'>sed</span> <span class='ocrx_word' id='word_1_226' title='bbox 760 3361 967 3448; x_wconf 89' lang='lat' dir='ltr'>dissipabunt</span> <span class='ocrx_word' id='word_1_227' title='bbox 998 3358 1171 3451; x_wconf 81' lang='lat' dir='ltr'>retinendo</span> <span class='ocrx_word' id='word_1_228' title='bbox 1203 3361 1360 3447; x_wconf 92' lang='lat' dir='ltr'>impetum</span> <span class='ocrx_word' id='word_1_229' title='bbox 1389 3380 1505 3444; x_wconf 88' lang='lat' dir='ltr'>conge·</span> <span class='ocrx_word' id='word_1_230' title='bbox 1609 3399 1614 3413; x_wconf 59' lang='grc' dir='ltr'><em>ι</em></span> 
     </span>
     <span class='ocr_line' id='line_1_28' title="bbox 363 3461 491 3525; baseline -0.008 -1"><span class='ocrx_word' id='word_1_231' title='bbox 363 3461 491 3525; x_wconf 90' lang='lat' dir='ltr'>stionis.</span> 
     </span>
    </p>
   </div>
   <div class='ocr_carea' id='block_1_3' title="bbox 362 3681 1595 4426">
    <p class='ocr_par' dir='ltr' id='par_1_7' title="bbox 362 3681 1595 4426">
     <span class='ocr_line' id='line_1_29' title="bbox 435 3681 1507 3752; baseline 0.002 -18"><span class='ocrx_word' id='word_1_232' title='bbox 435 3687 446 3734; x_wconf 95' lang='grc'>1</span> <span class='ocrx_word' id='word_1_233' title='bbox 467 3684 504 3733; x_wconf 82' lang='lat' dir='ltr'>is:</span> <span class='ocrx_word' id='word_1_234' title='bbox 524 3684 567 3733; x_wconf 81' lang='lat' dir='ltr'>hia</span> <span class='ocrx_word' id='word_1_235' title='bbox 582 3685 640 3735; x_wconf 79' lang='lat' dir='ltr'>GH.</span> <span class='ocrx_word' id='word_1_236' title='bbox 657 3681 669 3752; x_wconf 79' lang='lat' dir='ltr'>ss</span> <span class='ocrx_word' id='word_1_237' title='bbox 684 3687 700 3734; x_wconf 80' lang='lat'><strong>2</strong></span> <span class='ocrx_word' id='word_1_238' title='bbox 712 3685 907 3751; x_wconf 88' lang='lat' dir='ltr'>perpendiculo</span> <span class='ocrx_word' id='word_1_239' title='bbox 920 3688 950 3736; x_wconf 88' lang='grc' dir='ltr'><em>Η</em></span> <span class='ocrx_word' id='word_1_240' title='bbox 959 3683 1038 3750; x_wconf 73' lang='lat' dir='ltr'>(nore,</span> <span class='ocrx_word' id='word_1_241' title='bbox 1050 3686 1220 3752; x_wconf 79' lang='lat' dir='ltr'>ppendiculir</span> <span class='ocrx_word' id='word_1_242' title='bbox 1233 3695 1292 3738; x_wconf 81' lang='lat' dir='ltr'>ante</span> <span class='ocrx_word' id='word_1_243' title='bbox 1304 3702 1373 3737; x_wconf 87' lang='lat' dir='ltr'>corr.</span> <span class='ocrx_word' id='word_1_244' title='bbox 1385 3685 1434 3750; x_wconf 85' lang='lat' dir='ltr'>L):</span> <span class='ocrx_word' id='word_1_245' title='bbox 1448 3703 1507 3751; x_wconf 84' lang='lat' dir='ltr'>per-</span> 
     </span>
     <span class='ocr_line' id='line_1_30' title="bbox 364 3766 1595 3841; baseline 0.003 -25"><span class='ocrx_word' id='word_1_246' title='bbox 364 3769 513 3833; x_wconf 85' lang='lat' dir='ltr'>pendicula</span> <span class='ocrx_word' id='word_1_247' title='bbox 532 3771 561 3820; x_wconf 85' lang='lat' dir='ltr'>G.</span> <span class='ocrx_word' id='word_1_248' title='bbox 578 3766 590 3834; x_wconf 87' lang='grc'>11</span> <span class='ocrx_word' id='word_1_249' title='bbox 607 3769 850 3834; x_wconf 88' lang='lat' dir='ltr'>3proclinationes</span> <span class='ocrx_word' id='word_1_250' title='bbox 866 3771 916 3820; x_wconf 83' lang='lat' dir='ltr'>GH</span> <span class='ocrx_word' id='word_1_251' title='bbox 930 3770 974 3834; x_wconf 85' lang='lat' dir='ltr'>(L,</span> <span class='ocrx_word' id='word_1_252' title='bbox 990 3771 1193 3822; x_wconf 89' lang='lat' dir='ltr'>declinationes</span> <span class='ocrx_word' id='word_1_253' title='bbox 1205 3772 1236 3821; x_wconf 84' lang='grc' dir='ltr'>θΙι</span> <span class='ocrx_word' id='word_1_254' title='bbox 1251 3769 1301 3838; x_wconf 85' lang='lat' dir='ltr'><strong><em>[f].</em></strong></span> <span class='ocrx_word' id='word_1_255' title='bbox 1322 3768 1335 3836; x_wconf 75' lang='lat' dir='ltr'>ll</span> <span class='ocrx_word' id='word_1_256' title='bbox 1358 3774 1388 3822; x_wconf 86' lang='lat'>10</span> <span class='ocrx_word' id='word_1_257' title='bbox 1399 3771 1507 3820; x_wconf 84' lang='lat' dir='ltr'>faciun—</span> <span class='ocrx_word' id='word_1_258' title='bbox 1588 3834 1595 3841; x_wconf 71' lang='lat'>‚</span> 
     </span>
     <span class='ocr_line' id='line_1_31' title="bbox 364 3850 1504 3922; baseline 0.004 -21"><span class='ocrx_word' id='word_1_259' title='bbox 364 3852 441 3902; x_wconf 86' lang='lat' dir='ltr'>dum:</span> <span class='ocrx_word' id='word_1_260' title='bbox 460 3855 498 3904; x_wconf 80' lang='lat' dir='ltr'>sic</span> <span class='ocrx_word' id='word_1_261' title='bbox 511 3853 568 3903; x_wconf 83' lang='lat' dir='ltr'>GH.</span> <span class='ocrx_word' id='word_1_262' title='bbox 585 3850 597 3919; x_wconf 85' lang='grc' dir='ltr'>ΙΙ</span> <span class='ocrx_word' id='word_1_263' title='bbox 613 3858 658 3905; x_wconf 90' lang='lat' dir='ltr'>nt:</span> <span class='ocrx_word' id='word_1_264' title='bbox 676 3855 713 3904; x_wconf 80' lang='lat' dir='ltr'>sic</span> <span class='ocrx_word' id='word_1_265' title='bbox 727 3855 784 3904; x_wconf 83' lang='lat' dir='ltr'>GH.</span> <span class='ocrx_word' id='word_1_266' title='bbox 800 3851 812 3919; x_wconf 80' lang='grc' dir='ltr'>[Ι</span> <span class='ocrx_word' id='word_1_267' title='bbox 830 3858 859 3904; x_wconf 80' lang='lat'>12</span> <span class='ocrx_word' id='word_1_268' title='bbox 873 3856 990 3905; x_wconf 85' lang='lat' dir='ltr'>erismae</span> <span class='ocrx_word' id='word_1_269' title='bbox 1003 3858 1033 3904; x_wconf 88' lang='lat' dir='ltr'><em>H</em></span> <span class='ocrx_word' id='word_1_270' title='bbox 1041 3854 1090 3918; x_wconf 83' lang='lat' dir='ltr'>(ch,</span> <span class='ocrx_word' id='word_1_271' title='bbox 1110 3857 1164 3905; x_wconf 89' lang='lat' dir='ltr'>eris</span> <span class='ocrx_word' id='word_1_272' title='bbox 1176 3872 1219 3921; x_wconf 71' lang='lat' dir='ltr'>me</span> <span class='ocrx_word' id='word_1_273' title='bbox 1229 3855 1283 3922; x_wconf 82' lang='lat' dir='ltr'>LI),</span> <span class='ocrx_word' id='word_1_274' title='bbox 1298 3856 1434 3906; x_wconf 86' lang='lat' dir='ltr'>acrismac</span> <span class='ocrx_word' id='word_1_275' title='bbox 1449 3855 1477 3905; x_wconf 84' lang='lat' dir='ltr'>G.</span> <span class='ocrx_word' id='word_1_276' title='bbox 1493 3852 1504 3919; x_wconf 77' lang='lat' dir='ltr'>ll</span> 
     </span>
     <span class='ocr_line' id='line_1_32' title="bbox 362 3930 1506 4006; baseline 0.001 -20"><span class='ocrx_word' id='word_1_277' title='bbox 362 3940 442 3986; x_wconf 82' lang='lat' dir='ltr'>sunt:</span> <span class='ocrx_word' id='word_1_278' title='bbox 461 3939 499 3988; x_wconf 78' lang='lat' dir='ltr'>rie</span> <span class='ocrx_word' id='word_1_279' title='bbox 517 3937 576 3988; x_wconf 79' lang='lat' dir='ltr'>GH.</span> <span class='ocrx_word' id='word_1_280' title='bbox 596 3933 608 4003; x_wconf 83' lang='grc' dir='ltr'>ΙΙ</span> <span class='ocrx_word' id='word_1_281' title='bbox 630 3954 680 3988; x_wconf 86' lang='lat' dir='ltr'>eae</span> <span class='ocrx_word' id='word_1_282' title='bbox 701 3939 751 3988; x_wconf 83' lang='lat' dir='ltr'>GH</span> <span class='ocrx_word' id='word_1_283' title='bbox 776 3936 839 4002; x_wconf 80' lang='lat' dir='ltr'>(hae</span> <span class='ocrx_word' id='word_1_284' title='bbox 858 3942 888 3996; x_wconf 86' lang='lat' dir='ltr'>lc,</span> <span class='ocrx_word' id='word_1_285' title='bbox 901 3940 936 4004; x_wconf 73' lang='lat' dir='ltr'>he</span> <span class='ocrx_word' id='word_1_286' title='bbox 953 3939 997 4002; x_wconf 83' lang='lat' dir='ltr'>L).</span> <span class='ocrx_word' id='word_1_287' title='bbox 1020 3937 1033 4006; x_wconf 80' lang='lat' dir='ltr'>ss</span> <span class='ocrx_word' id='word_1_288' title='bbox 1057 3943 1088 3990; x_wconf 86' lang='grc'>13</span> <span class='ocrx_word' id='word_1_289' title='bbox 1107 3930 1291 3991; x_wconf 82' lang='lat' dir='ltr'>crassitudine</span> <span class='ocrx_word' id='word_1_290' title='bbox 1308 3940 1380 3992; x_wconf 75' lang='lat' dir='ltr'>Joc:</span> <span class='ocrx_word' id='word_1_291' title='bbox 1399 3939 1506 3987; x_wconf 90' lang='lat' dir='ltr'>—dinis</span> 
     </span>
     <span class='ocr_line' id='line_1_33' title="bbox 367 4016 1504 4088; baseline 0.004 -18"><span class='ocrx_word' id='word_1_292' title='bbox 367 4021 427 4071; x_wconf 84' lang='lat' dir='ltr'>GH.</span> <span class='ocrx_word' id='word_1_293' title='bbox 453 4016 466 4086; x_wconf 82' lang='grc' dir='ltr'>Η</span> <span class='ocrx_word' id='word_1_294' title='bbox 495 4022 527 4071; x_wconf 80' lang='lat'>14</span> <span class='ocrx_word' id='word_1_295' title='bbox 543 4028 706 4086; x_wconf 84' lang='lat' dir='ltr'>procurrant</span> <span class='ocrx_word' id='word_1_296' title='bbox 723 4057 728 4070; x_wconf 92' lang='lat'>.</span> <span class='ocrx_word' id='word_1_297' title='bbox 743 4060 769 4075; x_wconf 84' lang='lat'>..</span> <span class='ocrx_word' id='word_1_298' title='bbox 790 4023 989 4073; x_wconf 85' lang='lat' dir='ltr'>contrahantur</span> <span class='ocrx_word' id='word_1_299' title='bbox 1073 4024 1196 4074; x_wconf 84' lang='lat' dir='ltr'>habeant</span> <span class='ocrx_word' id='word_1_300' title='bbox 1218 4027 1272 4074; x_wconf 74' lang='lat' dir='ltr'>ed:</span> <span class='ocrx_word' id='word_1_301' title='bbox 1291 4026 1437 4088; x_wconf 86' lang='lat' dir='ltr'>procurrat</span> <span class='ocrx_word' id='word_1_302' title='bbox 1455 4060 1460 4071; x_wconf 93' lang='lat'><strong>.</strong></span> <span class='ocrx_word' id='word_1_303' title='bbox 1476 4057 1504 4075; x_wconf 91' lang='lat'>..</span> 
     </span>
     <span class='ocr_line' id='line_1_34' title="bbox 365 4104 1504 4173; baseline 0.001 -20"><span class='ocrx_word' id='word_1_304' title='bbox 365 4105 613 4156; x_wconf 83' lang='lat' dir='ltr'>contrahatur...</span> <span class='ocrx_word' id='word_1_305' title='bbox 632 4107 737 4157; x_wconf 88' lang='lat' dir='ltr'>habeat</span> <span class='ocrx_word' id='word_1_306' title='bbox 756 4108 815 4162; x_wconf 82' lang='lat' dir='ltr'>GH.</span> <span class='ocrx_word' id='word_1_307' title='bbox 839 4104 850 4173; x_wconf 83' lang='grc' dir='ltr'>ΙΙ</span> <span class='ocrx_word' id='word_1_308' title='bbox 873 4113 1005 4173; x_wconf 88' lang='lat' dir='ltr'>procurat</span> <span class='ocrx_word' id='word_1_309' title='bbox 1022 4115 1080 4157; x_wconf 84' lang='lat' dir='ltr'>ante</span> <span class='ocrx_word' id='word_1_310' title='bbox 1098 4124 1166 4159; x_wconf 78' lang='lat' dir='ltr'>corr.</span> <span class='ocrx_word' id='word_1_311' title='bbox 1186 4109 1221 4159; x_wconf 89' lang='lat' dir='ltr'>H.</span> <span class='ocrx_word' id='word_1_312' title='bbox 1246 4105 1258 4173; x_wconf 79' lang='grc' dir='ltr'>ΙΙ</span> <span class='ocrx_word' id='word_1_313' title='bbox 1286 4121 1335 4172; x_wconf 92' lang='lat' dir='ltr'>pro</span> <span class='ocrx_word' id='word_1_314' title='bbox 1359 4121 1439 4170; x_wconf 86' lang='lat' dir='ltr'>quam</span> <span class='ocrx_word' id='word_1_315' title='bbox 1458 4121 1504 4170; x_wconf 70' lang='lat' dir='ltr'>ego</span> 
     </span>
     <span class='ocr_line' id='line_1_35' title="bbox 365 4176 1506 4257; baseline -0.002 -18"><span class='ocrx_word' id='word_1_316' title='bbox 365 4187 403 4251; x_wconf 82' lang='lat' dir='ltr'>(ut</span> <span class='ocrx_word' id='word_1_317' title='bbox 420 4190 500 4239; x_wconf 80' lang='lat' dir='ltr'>Lacr.</span> <span class='ocrx_word' id='word_1_318' title='bbox 520 4176 549 4249; x_wconf 57' lang='lat' dir='ltr'>t,</span> <span class='ocrx_word' id='word_1_319' title='bbox 562 4193 594 4240; x_wconf 93' lang='grc'>11</span> <span class='ocrx_word' id='word_1_320' title='bbox 612 4190 687 4254; x_wconf 81' lang='grc' dir='ltr'>θῖθ.);</span> <span class='ocrx_word' id='word_1_321' title='bbox 706 4207 755 4256; x_wconf 88' lang='lat' dir='ltr'>per</span> <span class='ocrx_word' id='word_1_322' title='bbox 774 4207 854 4257; x_wconf 88' lang='lat' dir='ltr'>quam</span> <span class='ocrx_word' id='word_1_323' title='bbox 874 4193 924 4242; x_wconf 83' lang='lat' dir='ltr'>GH</span> <span class='ocrx_word' id='word_1_324' title='bbox 942 4189 1004 4257; x_wconf 84' lang='lat' dir='ltr'>(por</span> <span class='ocrx_word' id='word_1_325' title='bbox 1021 4207 1102 4256; x_wconf 90' lang='lat' dir='ltr'>quern</span> <span class='ocrx_word' id='word_1_326' title='bbox 1119 4200 1178 4242; x_wconf 83' lang='lat' dir='ltr'>ante</span> <span class='ocrx_word' id='word_1_327' title='bbox 1196 4206 1265 4241; x_wconf 81' lang='lat' dir='ltr'>corr.</span> <span class='ocrx_word' id='word_1_328' title='bbox 1283 4190 1333 4254; x_wconf 90' lang='lat' dir='ltr'>H).</span> <span class='ocrx_word' id='word_1_329' title='bbox 1350 4186 1362 4256; x_wconf 77' lang='lat' dir='ltr'>ll</span> <span class='ocrx_word' id='word_1_330' title='bbox 1380 4190 1506 4239; x_wconf 68' lang='lat' dir='ltr'>latuerit</span> 
     </span>
     <span class='ocr_line' id='line_1_36' title="bbox 365 4271 1506 4342; baseline 0.001 -20"><span class='ocrx_word' id='word_1_331' title='bbox 365 4274 393 4322; x_wconf 92' lang='lat' dir='ltr'><em>H</em></span> <span class='ocrx_word' id='word_1_332' title='bbox 412 4272 496 4337; x_wconf 85' lang='lat' dir='ltr'>(Llc):</span> <span class='ocrx_word' id='word_1_333' title='bbox 510 4273 610 4324; x_wconf 67' lang='lat' dir='ltr'>tuerat</span> <span class='ocrx_word' id='word_1_334' title='bbox 629 4276 659 4326; x_wconf 79' lang='grc'>6.</span> <span class='ocrx_word' id='word_1_335' title='bbox 679 4273 691 4342; x_wconf 73' lang='lat' dir='ltr'>{l</span> <span class='ocrx_word' id='word_1_336' title='bbox 714 4279 745 4326; x_wconf 80' lang='lat'>17</span> <span class='ocrx_word' id='word_1_337' title='bbox 764 4281 901 4326; x_wconf 87' lang='lat' dir='ltr'>terrenum</span> <span class='ocrx_word' id='word_1_338' title='bbox 921 4279 1068 4326; x_wconf 90' lang='lat' dir='ltr'>coniuncta</span> <span class='ocrx_word' id='word_1_339' title='bbox 1086 4289 1175 4325; x_wconf 89' lang='lat' dir='ltr'>muro:</span> <span class='ocrx_word' id='word_1_340' title='bbox 1194 4276 1231 4324; x_wconf 79' lang='lat' dir='ltr'>sic</span> <span class='ocrx_word' id='word_1_341' title='bbox 1250 4276 1308 4325; x_wconf 85' lang='lat' dir='ltr'>GH.</span> <span class='ocrx_word' id='word_1_342' title='bbox 1325 4271 1337 4341; x_wconf 83' lang='grc' dir='ltr'>ΙΙ</span> <span class='ocrx_word' id='word_1_343' title='bbox 1354 4277 1387 4325; x_wconf 80' lang='lat'>20</span> <span class='ocrx_word' id='word_1_344' title='bbox 1405 4275 1506 4326; x_wconf 86' lang='lat' dir='ltr'>crassi·</span> 
     </span>
     <span class='ocr_line' id='line_1_37' title="bbox 364 4355 1506 4426; baseline 0.004 -19"><span class='ocrx_word' id='word_1_345' title='bbox 364 4357 488 4408; x_wconf 84' lang='lat' dir='ltr'>tudines:</span> <span class='ocrx_word' id='word_1_346' title='bbox 506 4359 584 4408; x_wconf 85' lang='lat' dir='ltr'>-nis</span> <span class='ocrx_word' id='word_1_347' title='bbox 598 4359 656 4411; x_wconf 82' lang='lat' dir='ltr'>GH.</span> <span class='ocrx_word' id='word_1_348' title='bbox 679 4357 691 4426; x_wconf 76' lang='grc' dir='ltr'>ΙΙ</span> <span class='ocrx_word' id='word_1_349' title='bbox 714 4363 746 4410; x_wconf 81' lang='lat'>23</span> <span class='ocrx_word' id='word_1_350' title='bbox 766 4360 800 4409; x_wconf 92' lang='lat' dir='ltr'>ab</span> <span class='ocrx_word' id='word_1_351' title='bbox 819 4360 861 4409; x_wconf 88' lang='lat' dir='ltr'>his</span> <span class='ocrx_word' id='word_1_352' title='bbox 880 4363 1004 4424; x_wconf 87' lang='lat' dir='ltr'>signetur</span> <span class='ocrx_word' id='word_1_353' title='bbox 1022 4367 1081 4410; x_wconf 85' lang='lat' dir='ltr'>ante</span> <span class='ocrx_word' id='word_1_354' title='bbox 1099 4374 1168 4409; x_wconf 83' lang='lat' dir='ltr'>corr.</span> <span class='ocrx_word' id='word_1_355' title='bbox 1189 4359 1218 4408; x_wconf 82' lang='lat' dir='ltr'>G.</span> <span class='ocrx_word' id='word_1_356' title='bbox 1240 4355 1253 4425; x_wconf 85' lang='lat' dir='ltr'>ss</span> <span class='ocrx_word' id='word_1_357' title='bbox 1272 4359 1419 4425; x_wconf 65' lang='lat' dir='ltr'>,diagonios</span> <span class='ocrx_word' id='word_1_358' title='bbox 1436 4360 1506 4412; x_wconf 72' lang='lat' dir='ltr'>loa:</span> 
     </span>
    </p>
   </div>
   <div class='ocr_carea' id='block_1_4' title="bbox 364 4452 1507 4778">
    <p class='ocr_par' dir='ltr' id='par_1_8' title="bbox 364 4452 1507 4778">
     <span class='ocr_line' id='line_1_38' title="bbox 365 4452 1507 4528; baseline 0.003 -20"><span class='ocrx_word' id='word_1_359' title='bbox 365 4458 512 4524; x_wconf 83' lang='lat' dir='ltr'>diagonius</span> <span class='ocrx_word' id='word_1_360' title='bbox 529 4461 558 4509; x_wconf 91' lang='lat' dir='ltr'><em>H</em></span> <span class='ocrx_word' id='word_1_361' title='bbox 576 4459 655 4526; x_wconf 73' lang='lat' dir='ltr'>(Ide),</span> <span class='ocrx_word' id='word_1_362' title='bbox 674 4461 812 4526; x_wconf 85' lang='lat' dir='ltr'>diagoniis</span> <span class='ocrx_word' id='word_1_363' title='bbox 833 4461 854 4511; x_wconf 84' lang='lat' dir='ltr'><em>G</em></span> <span class='ocrx_word' id='word_1_364' title='bbox 872 4459 931 4520; x_wconf 79' lang='lat' dir='ltr'>(sed</span> <span class='ocrx_word' id='word_1_365' title='bbox 946 4452 1123 4528; x_wconf 78' lang='lat' dir='ltr'>-nnl=nii</span> <span class='ocrx_word' id='word_1_366' title='bbox 1143 4460 1185 4523; x_wconf 80' lang='lat' dir='ltr'>G0,</span> <span class='ocrx_word' id='word_1_367' title='bbox 1204 4461 1238 4523; x_wconf 84' lang='lat' dir='ltr'>cs.</span> <span class='ocrx_word' id='word_1_368' title='bbox 1257 4478 1283 4524; x_wconf 82' lang='lat' dir='ltr'>p.</span> <span class='ocrx_word' id='word_1_369' title='bbox 1300 4464 1358 4522; x_wconf 76' lang='grc'>141,</span> <span class='ocrx_word' id='word_1_370' title='bbox 1378 4460 1415 4526; x_wconf 80' lang='grc'>6).</span> <span class='ocrx_word' id='word_1_371' title='bbox 1439 4458 1452 4527; x_wconf 84' lang='grc' dir='ltr'>ΙΙ</span> <span class='ocrx_word' id='word_1_372' title='bbox 1474 4463 1507 4511; x_wconf 78' lang='lat'>25</span> 
     </span>
     <span class='ocr_line' id='line_1_39' title="bbox 365 4542 1505 4614; baseline 0.002 -22"><span class='ocrx_word' id='word_1_373' title='bbox 365 4542 526 4608; x_wconf 85' lang='lat' dir='ltr'>diagonioe:</span> <span class='ocrx_word' id='word_1_374' title='bbox 545 4547 643 4614; x_wconf 40' lang='lat' dir='ltr'>ffniae</span> <span class='ocrx_word' id='word_1_375' title='bbox 663 4544 723 4608; x_wconf 87' lang='lat' dir='ltr'>(—c</span> <span class='ocrx_word' id='word_1_376' title='bbox 743 4546 772 4603; x_wconf 82' lang='lat' dir='ltr'>G,</span> <span class='ocrx_word' id='word_1_377' title='bbox 790 4562 840 4611; x_wconf 73' lang='lat' dir='ltr'>—e</span> <span class='ocrx_word' id='word_1_378' title='bbox 860 4543 903 4607; x_wconf 63' lang='grc'>66)</span> <span class='ocrx_word' id='word_1_379' title='bbox 924 4542 1059 4610; x_wconf 73' lang='grc'>6111126</span> <span class='ocrx_word' id='word_1_380' title='bbox 1078 4544 1260 4608; x_wconf 84' lang='lat' dir='ltr'>dissupabunt</span> <span class='ocrx_word' id='word_1_381' title='bbox 1277 4553 1336 4596; x_wconf 81' lang='lat' dir='ltr'>ante</span> <span class='ocrx_word' id='word_1_382' title='bbox 1354 4561 1422 4597; x_wconf 86' lang='lat' dir='ltr'>corr.</span> <span class='ocrx_word' id='word_1_383' title='bbox 1442 4546 1478 4594; x_wconf 91' lang='lat' dir='ltr'>H.</span> <span class='ocrx_word' id='word_1_384' title='bbox 1493 4543 1505 4611; x_wconf 76' lang='lat' dir='ltr'>l]</span> 
     </span>
     <span class='ocr_line' id='line_1_40' title="bbox 365 4626 1507 4709; baseline 0.004 -33"><span class='ocrx_word' id='word_1_385' title='bbox 365 4628 510 4709; x_wconf 85' lang='lat' dir='ltr'>retinendo</span> <span class='ocrx_word' id='word_1_386' title='bbox 532 4631 569 4680; x_wconf 83' lang='lat' dir='ltr'>L:</span> <span class='ocrx_word' id='word_1_387' title='bbox 597 4629 694 4680; x_wconf 90' lang='lat' dir='ltr'>-dum</span> <span class='ocrx_word' id='word_1_388' title='bbox 716 4629 919 4694; x_wconf 68' lang='lat' dir='ltr'>chh),-d1&#39;1</span> <span class='ocrx_word' id='word_1_389' title='bbox 944 4630 1023 4695; x_wconf 73' lang='grc'>611).</span> <span class='ocrx_word' id='word_1_390' title='bbox 1051 4626 1064 4696; x_wconf 86' lang='grc' dir='ltr'>ΙΙ</span> <span class='ocrx_word' id='word_1_391' title='bbox 1091 4631 1280 4694; x_wconf 84' lang='lat' dir='ltr'>congestionis</span> <span class='ocrx_word' id='word_1_392' title='bbox 1300 4631 1322 4681; x_wconf 85' lang='lat' dir='ltr'><em>G</em></span> <span class='ocrx_word' id='word_1_393' title='bbox 1339 4629 1399 4695; x_wconf 84' lang='lat' dir='ltr'><em>(L):</em></span> <span class='ocrx_word' id='word_1_394' title='bbox 1424 4646 1507 4681; x_wconf 88' lang='lat' dir='ltr'>-nes</span> 
     </span>
     <span class='ocr_line' id='line_1_41' title="bbox 364 4711 467 4778; baseline 0 -18"><span class='ocrx_word' id='word_1_395' title='bbox 364 4712 394 4760; x_wconf 90' lang='lat' dir='ltr'><em>H</em></span> <span class='ocrx_word' id='word_1_396' title='bbox 412 4711 467 4778; x_wconf 85' lang='lat' dir='ltr'>(lc).</span> 
     </span>
    </p>
   </div>
   <div class='ocr_carea' id='block_1_5' title="bbox 0 0 1900 5625">
    <p class='ocr_par' dir='ltr' id='par_1_9' title="bbox 0 0 1900 5625">
     <span class='ocr_line' id='line_1_42' title="bbox 0 0 1900 5625; baseline 0 0"><span class='ocrx_word' id='word_1_397' title='bbox 0 0 1900 5625; x_wconf 95' lang='lat' dir='ltr'> </span> 
     </span>
    </p>
   </div>
  </div>
 </body>
</html>
