3784 5625
398 663 441 727 30
892 676 1051 724 vrrsuvn

327 854 379 903 V11
483 830 611 894 Divisis
633 831 815 917 angiportis
845 842 877 894 et
904 831 1024 917 plateis
1048 830 1234 894 constitutis
1255 850 1405 893 arearum
1427 828 1542 894 electio
1561 843 1574 889 1

398 933 441 995 ad
469 935 742 1019 opportunitatem
771 944 803 996 et
830 955 924 997 usum
954 954 1156 996 communem
1188 933 1333 995 civitatis
1361 942 1411 995 est
1438 930 1540 1018 expli-

399 1034 503 1097 canda
524 1032 661 1097 aedibus
684 1036 784 1097 sacris
806 1033 878 1097 foro
905 1032 1106 1120 reliquisque
1128 1032 1208 1096 loris
1230 1032 1467 1097 communibus.
1511 1044 1543 1097 et

397 1137 427 1199 si
450 1144 544 1199 erunt
565 1136 692 1198 moenia
714 1134 892 1199 secundum
913 1156 1013 1215 mare,
1035 1157 1111 1198 area
1130 1135 1187 1198 ubi
1207 1134 1313 1198 forum
1327 1136 1543 1199 constituatur

364 1236 550 1321 seligenda
570 1238 720 1323 proxime
741 1247 882 1323 portum,
905 1238 957 1300 sin
971 1247 1078 1301 autem
1095 1236 1343 1318 mediterranea,
1365 1237 1401 1299 in
1421 1236 1541 1322 oppido

397 1338 516 1402 medio.
564 1336 702 1401 aedibus
736 1360 814 1402 vero
848 1340 965 1419 sacris,
1000 1360 1137 1424 quornm
1170 1336 1305 1401 deorum
1337 1338 1481 1400 maxime
1507 1339 1541 1402 in

396 1438 500 1504 tutela
522 1440 641 1503 civitas
663 1439 795 1503 videtur
817 1461 898 1521 esse,
922 1451 955 1503 et
975 1438 1049 1503 Iovi
1071 1450 1103 1502 et
1124 1438 1243 1531 Iunoni
1263 1448 1296 1502 et
1315 1439 1486 1502 Minervae
1507 1442 1541 1503 in

399 1539 623 1606 excelsissimo
650 1540 721 1605 loco
748 1540 836 1604 unde
863 1543 1026 1605 moenium
1053 1542 1198 1604 maxima
1224 1562 1301 1626 pars
1324 1542 1542 1627 conspiciatur
1623 1581 1626 1585 ι

394 1665 492 1707 areae
514 1642 762 1707 distribuantur.
806 1642 968 1707 Mercurio
996 1651 1105 1706 autem
1132 1643 1168 1705 in
1194 1642 1282 1722 foro,
1307 1644 1485 1707 autetiam
1506 1652 1541 1707 ut

347 1761 379 1809 10
397 1744 480 1809 Isidi
503 1754 535 1808 et
557 1744 672 1831 Serapi
694 1746 728 1808 in
745 1745 910 1831 emporio,
938 1742 1086 1829 Apollini
1107 1744 1262 1829 Patrique
1283 1742 1405 1808 Libero
1428 1767 1540 1809 secun-

397 1847 475 1911 dum
496 1846 670 1927 theatrum,
693 1844 830 1910 Herculi
851 1847 886 1909 in
908 1845 1026 1932 quibus
1050 1845 1242 1909 civitatibus
1264 1867 1330 1909 non
1351 1855 1427 1909 sunt
1447 1868 1540 1934 gym-

395 1950 488 2012 nasia
502 1968 607 2033 neque
621 1946 861 2033 amphitheatra
877 1945 920 2011 ad
932 1948 1066 2029 circum,
1082 1946 1183 2010 Marti
1194 1956 1289 2010 extra
1299 1945 1414 2010 urbem
1428 1947 1486 2010 sed
1498 1948 1541 2011 ad
1573 2012 1580 2021 ,

380 2050 557 2136 eampum,
574 2052 717 2135 itemque
732 2048 855 2112 Veneri
869 2047 912 2113 ad
927 2059 1067 2135 portum.
1103 2048 1138 2112 id
1152 2057 1264 2111 autem
1278 2048 1376 2111 etiam
1390 2049 1540 2113 Etruscis

395 2150 624 2238 hantspicibus
646 2150 892 2237 disciplinarum
913 2152 1084 2236 seripturis
1100 2151 1147 2213 ita
1161 2159 1211 2213 est
1226 2148 1425 2233 dedicatum,
1448 2160 1541 2215 extra

346 2270 378 2317 15
395 2277 524 2318 murum
546 2253 685 2317 Veneris
707 2250 845 2316 Volcani
867 2252 983 2316 Martis
1012 2252 1088 2316 fana
1114 2251 1189 2316 ideo
1217 2251 1379 2316 conlocari
1405 2254 1455 2315 uti
1475 2275 1540 2317 non

395 2358 559 2420 insuescat
586 2356 621 2419 in
654 2353 735 2418 urbe
767 2353 1032 2419 adulescentibus
1066 2375 1124 2417 seu
1155 2354 1314 2418 matribus
1341 2352 1539 2418 familiarum

395 2459 528 2521 veneria
561 2455 681 2538 libido,
717 2454 919 2543 Volcanique
948 2456 983 2519 vi
999 2477 1035 2517 -e
1061 2456 1232 2520 moenibus
1265 2454 1480 2540 religionibus
1508 2466 1539 2519 et

395 2559 562 2622 sacrificiis
586 2568 722 2622 evocata
744 2558 787 2621 ab
809 2559 926 2623 timore
949 2555 1173 2622 incendiorum
1195 2557 1345 2620 aedificia
1366 2552 1539 2622 videantur

395 2659 539 2724 liberari.
583 2658 700 2721 Martis
728 2681 805 2722 vero
833 2659 993 2723 divinitas
1021 2681 1094 2723 cum
1115 2660 1159 2723 sit
1182 2669 1276 2724 extra
1297 2659 1425 2723 moenia
1447 2659 1536 2722 dedi-

344 2770 478 2844 rosata,
500 2782 567 2825 non
590 2760 652 2823 erit
672 2761 758 2823 inter
775 2760 864 2824 cives
885 2762 1048 2845 armigera
1063 2760 1236 2844 dissensio,
1259 2760 1318 2825 sed
1332 2760 1375 2825 ab
1390 2761 1536 2826 hostibus

396 2885 434 2926 ea
461 2863 596 2925 defensa
623 2884 643 2923 a
671 2860 748 2925 belli
777 2863 921 2948 periculo
949 2863 1166 2928 conservabit.
1210 2865 1289 2927 item
1312 2863 1424 2927 Cereri
1446 2873 1568 2927 extr-aa

393 2964 510 3028 urbem
532 2962 613 3047 loco,
637 2985 700 3049 quo
722 2964 856 3028 minime
879 2986 1009 3053 semper
1029 2965 1177 3030 homines
1191 2966 1256 3029 nisi
1271 2988 1329 3052 per
1344 2965 1537 3030 sacrificium

394 3088 527 3131 necesse
548 3065 689 3129 babeant
710 3066 817 3148 adire,
847 3088 920 3131 cum
941 3066 1095 3152 religiose
1123 3078 1211 3132 caste
1233 3069 1420 3155 sanctisque
1442 3069 1535 3132 mori-

394 3169 454 3233 bus
477 3170 505 3233 is
528 3169 618 3233 loeus
647 3168 766 3233 debeat
793 3170 888 3232 tueri.
933 3171 1114 3257 ceterisque
1143 3170 1206 3233 diis
1234 3170 1277 3233 ad
1305 3170 1535 3234 sacrificiorum

343 3288 375 3336 25
393 3273 536 3337 rationes
558 3281 654 3357 aptae
675 3269 805 3358 templis
827 3293 922 3335 areae
945 3281 1021 3336 sunt
1042 3270 1300 3337 distribuendae.

477 3375 530 3438 De
556 3374 639 3459 ipsis
667 3381 775 3436 autem
802 3373 939 3437 aedibus
968 3376 1069 3438 sacris
1104 3373 1267 3438 faciundis
1294 3383 1326 3437 et
1356 3373 1398 3437 de
1428 3396 1534 3438 earum

393 3475 593 3561 symmetriis
617 3475 650 3536 in
665 3475 761 3538 tertio
777 3483 810 3537 et
825 3485 939 3559 quarto
955 3475 1121 3541 volumine
1136 3476 1271 3540 reddam
1285 3476 1439 3559 rationes,
1462 3477 1534 3564 quia

461 3717 524 3764 2et
540 3717 567 3764 ia
583 3732 637 3766 ras.
656 3716 705 3766 H0.
729 3712 740 3781 ΙΙ
764 3715 926 3780 sulmonem
943 3725 1003 3768 ante
1021 3735 1091 3769 corr.
1109 3717 1138 3783 (o
1156 3735 1192 3769 err
1209 3718 1237 3782 u)
1255 3720 1292 3768 H.
1315 3714 1328 3785 [l
1351 3721 1367 3768 3
1387 3718 1531 3770 cummuni-

392 3800 444 3849 bus
462 3801 499 3850 H.
524 3797 536 3866 ΙΙ
562 3801 923 3853 4secundum.secundum
942 3810 1021 3853 mare
1040 3804 1070 3852 H
1085 3803 1140 3866 (lc).
1169 3800 1180 3869 l}
1207 3803 1445 3854 5mediterranea
1465 3805 1531 3855 doc:

393 3886 464 3946 (aare
482 3900 550 3934 corr.
570 3885 619 3950 L):
640 3901 725 3936 —neo
745 3887 798 3936 GH
814 3885 906 3951 (Loro).
929 3884 941 3953 11
965 3889 980 3936 6
999 3889 1106 3938 medico
1124 3895 1184 3937 ante
1206 3904 1275 3938 corr.
1296 3889 1325 3938 Ε.
1347 3884 1362 3954 fl
1382 3890 1398 3937 9
1418 3887 1491 3951 orele
1507 3889 1532 3936 in

391 3986 444 4024 ras.
464 3985 500 4020 ere
518 3969 583 4032 a)ae
603 3970 632 4022 Ε.
649 3967 666 4036 ΙΙ
693 3975 725 4020 ut
747 3972 813 4021 isidi
837 3971 950 4035 (ἰαῦ),
976 3973 1072 4023 utisidi
1089 3973 1118 4021 H
1137 3970 1180 4035 (L,
1198 3977 1239 4021 uti
1261 3972 1315 4023 sidi
1336 3972 1379 4036 lc).
1403 3970 1416 4039 11
1440 3976 1472 4024 10
1488 3988 1531 4023 en·

390 4071 468 4120 porro
486 4057 516 4106 H
534 4054 613 4122 (Llc).
638 4052 650 4122 Η
674 4058 705 4107 13
723 4055 852 4106 &bruscis
870 4058 899 4105 H
917 4056 965 4119 (L,
983 4058 1108 4108 abruscis
1126 4061 1146 4114 l,
1166 4058 1303 4108 ethrusois
1321 4058 1371 4121 cle).
1395 4054 1408 4123 ΙΙ
1436 4060 1468 4108 14
1488 4058 1533 4106 ha·

391 4141 549 4206 ruspicibus
569 4141 622 4190 GH
639 4140 681 4203 (le,
701 4141 894 4207 auruspicibus
913 4141 958 4205 L),
981 4138 993 4207 ΙΙ
1017 4144 1048 4192 15
1065 4143 1177 4192 vulcani
1190 4143 1225 4200 Ε,
1242 4143 1355 4192 volcani
1372 4143 1401 4191 H
1420 4141 1498 4205 (aa).
1516 4138 1528 4205 ΙΙ

393 4227 424 4285 16
442 4225 582 4275 insuescat
605 4229 659 4279 ed:
684 4229 846 4277 inanescant
865 4226 916 4276 GH
934 4223 978 4289 (L,
1002 4232 1133 4277 suescant
1151 4227 1195 4290 lc).
1223 4224 1235 4292 ll
1262 4226 1487 4277 adulescentibus
1504 4226 1532 4274 H

392 4306 471 4372 (Llc),
490 4310 713 4361 adolescentibus
733 4312 764 4363 Ε.
787 4307 799 4376 ΙΙ
823 4313 854 4360 17
877 4314 906 4360 vi
927 4312 997 4362 doe:
1024 4313 1066 4362 vis
1092 4314 1149 4362 GH.
1178 4309 1191 4378 [l
1219 4314 1250 4362 18
1273 4313 1389 4362 atimore
1410 4313 1438 4362 Ε.
1463 4307 1475 4377 ΙΙ
1501 4312 1529 4359 21

393 4392 508 4443 defensa
526 4393 613 4445 abelli
632 4396 665 4444 d:
685 4395 795 4446 defensi
814 4395 898 4446 abelli
915 4399 946 4446 H
963 4397 1005 4460 (lc,
1024 4397 1222 4447 defensabelli
1234 4397 1282 4462 L).
1304 4394 1317 4463 ΙΙ
1340 4397 1427 4447 cereri
1442 4393 1529 4459 G(L):

393 4479 469 4527 cersi
486 4479 515 4527 H
533 4477 589 4541 (lc).
613 4474 625 4543 ΙΙ
648 4481 681 4528 22
699 4481 810 4530 minime
829 4481 899 4534 Mar.
920 4479 986 4544 (non
998 4481 1064 4546 ed.):
1084 4481 1193 4531 nornine
1208 4482 1259 4532 GH
1276 4483 1318 4544 (lc,
1337 4499 1393 4534 non
1405 4484 1445 4534 ire
1458 4483 1502 4548 L).
1516 4479 1528 4546 ΙΙ

393 4563 425 4609 23
444 4577 503 4610 curn
520 4562 652 4626 religiose
665 4598 688 4612 ..
701 4603 707 4616 .
720 4564 822 4615 debeat
833 4566 918 4616 Mara
939 4582 1000 4616 cum
1012 4567 1148 4631 religione
1168 4603 1194 4616 ..
1210 4603 1218 4618 .
1236 4568 1320 4618 debet
1333 4569 1392 4618 ΕΗ.
1412 4565 1425 4634 ll
1448 4567 1531 4618 castis

392 4645 426 4696 L.
447 4641 459 4711 ΙΙ
480 4648 513 4695 26
531 4647 671 4696 faciundis
692 4648 744 4697 ΕΗ
761 4647 826 4727 (131⁶,
846 4650 982 4701 iaciendis
1001 4653 1031 4701 elr
1049 4659 1151 4702 stante
1169 4644 1279 4718 corni).
1303 4649 1316 4718 Η
1340 4669 1435 4704 earum
1451 4653 1529 4703 Pata:

393 4744 517 4780 arearum
538 4731 595 4784 ΕΗ.
