3784 5625
679 663 726 709 oa
748 661 1015 713 sncmrncrnns
1039 668 1108 714 nro.
1124 668 1199 715 vin.
1449 655 1509 720 197

367 817 423 903 qui
440 825 490 880 est
504 815 547 879 ab
562 817 645 880 ostio
659 815 702 878 ad
723 814 814 879 milia
829 833 896 880 cnx
904 866 913 899 ,
936 815 1135 883 admiscetur
1149 821 1179 883 ei
1197 820 1372 888 fonticulus
1388 824 1510 911 oppido

367 940 465 1005 quam
486 916 654 1003 parvulus.
692 917 720 981 is
743 940 816 982 cum
832 920 867 982 in
882 939 956 982 eum
970 917 1094 1003 influit,
1118 930 1193 985 tunc
1210 930 1334 986 tantam
1348 927 1508 1010 magnitu-

367 1020 478 1083 dinem
499 1018 643 1083 fluminis
665 1019 745 1084 facit
766 1042 926 1104 amaram,
950 1020 1023 1085 ideo
1040 1021 1127 1107 quod
1148 1022 1257 1109 perid
1277 1046 1380 1108 genus
1402 1035 1509 1091 terrae
1544 1081 1546 1084 .

366 1131 521 1187 strenas
543 1121 630 1185 unde
652 1122 863 1185 sandaracam
886 1121 1015 1191 fodiunt
1038 1144 1076 1187 ea
1090 1146 1175 1210 aqua
1189 1125 1359 1190 manando
1382 1129 1508 1214 perfici-

366 1233 420 1289 tur
442 1244 562 1286 amara.
1526 1245 1542 1294 5

317 1345 346 1391 ta
451 1322 543 1388 Haec
570 1333 678 1388 autem
701 1323 916 1389 dissimilibus
940 1327 1152 1413 saporibus‘a
1179 1337 1285 1391 terrae
1311 1331 1508 1417 proprietate

344 1475 348 1484 .
367 1427 597 1513 perficiuntur,
619 1428 667 1490 uti
684 1428 781 1490 etiam
803 1429 838 1491 in
860 1426 1023 1492 fructibus
1039 1428 1182 1493 videtur.
1228 1432 1256 1494 si
1279 1432 1365 1494 enim
1380 1432 1507 1496 radices

365 1527 519 1592 arborum
540 1535 597 1590 aut
619 1528 737 1591 vitium
759 1538 817 1593 aut
843 1527 1041 1615 reliquorum
1064 1532 1225 1594 seminum
1246 1555 1312 1597 non
1334 1555 1377 1595 ex
1402 1542 1508 1597 terrae

366 1628 620 1718 proprietatibus
642 1651 757 1692 sucum
785 1630 943 1717 capiendo
972 1630 1104 1695 ederent
1131 1633 1274 1715 fruetus,
1303 1656 1367 1698 uno
1388 1656 1508 1719 genere

367 1741 477 1796 essent
499 1732 533 1794 in
556 1730 705 1795 omnibus
727 1729 806 1795 locis
831 1740 863 1795 et
885 1732 1074 1816 regionibus
1097 1734 1241 1798 omnium
1264 1757 1405 1823 sapores.
1450 1738 1508 1801 sed
1529 1752 1560 1800 10

366 1832 658 1897 animadvertimus
692 1831 799 1895 insula
831 1832 940 1897 Lesbo
973 1835 1087 1897 vinum
1119 1844 1324 1923 protropum,
1359 1839 1509 1902 Maeonia

366 1935 694 2016 catacecaumeniten,
709 1933 819 2021 Lydia
834 1933 1009 2019 Tmoliten,
1026 1935 1140 2001 Sicilia
1155 1938 1396 2021 Mamertinum,
1413 1939 1508 2004 Cam·

365 2039 463 2126 papia
486 2035 676 2116 Falernum,
699 2037 785 2099 inter
800 2035 1012 2100 Terracinam
1028 2047 1059 2100 et
1083 2038 1216 2102 Fundos
1233 2040 1418 2105 Caecubum
1433 2040 1508 2105 reli-

365 2141 502 2226 quisque
529 2136 609 2202 locis
632 2136 782 2224 pluribus¹
811 2137 1043 2203 innumerabili
1064 2124 1274 2204 multitudine
1296 2164 1416 2225 genera
1438 2143 1508 2205 vini

365 2242 568 2326 virtutesque
590 2240 771 2327 procreari,
795 2260 877 2324 quae
893 2262 959 2303 non
978 2238 1074 2303 aliter
1093 2250 1229 2328 possunt
1251 2242 1322 2305 fieri
1343 2244 1408 2306 nisi
1436 2265 1508 2307 cum
1528 2257 1559 2305 15

366 2352 514 2408 terrenus
543 2363 635 2405 umor
663 2342 731 2405 suis
764 2340 1021 2427 proprietatibus
1050 2343 1182 2429 saporis
1202 2343 1237 2404 in
1264 2342 1431 2408 radicibus
1460 2346 1506 2407 sic

365 2444 494 2509 infusus
518 2443 639 2506 enutrit
666 2422 851 2523 materiam,
879 2463 938 2528 per
965 2463 1062 2528 quam
1085 2442 1255 2527 egrediens
1281 2444 1324 2516 ad
1354 2466 1508 2508 cacumen

366 2544 543 2633 profundat
579 2545 746 2631 proprium
779 2543 842 2606 loci
875 2550 907 2606 et
938 2544 1068 2628 generis
1102 2545 1153 2607 sui
1188 2543 1313 2607 fruetus
1346 2567 1507 2631 saporem.

318 2667 347 2713 13
366 2646 454 2735 quod
476 2648 505 2709 si
526 2655 613 2709 terra
633 2645 808 2730 generibus
824 2667 973 2710 umorum
986 2667 1053 2708 non
1067 2655 1153 2709 esset
1168 2645 1335 2709 dissimilis
1353 2655 1385 2709 et
1399 2644 1506 2731 dispa-

364 2759 452 2833 rata,
475 2769 540 2812 non
561 2755 688 2811 tantum
710 2748 745 2810 in
760 2746 857 2834 Syria
873 2756 904 2810 et
919 2746 1045 2810 Arabia
1066 2748 1101 2809 in
1122 2746 1360 2811 harundinibus
1381 2755 1413 2811 et
1434 2747 1506 2810 iun·
1525 2762 1558 2809 20

366 2853 412 2915 cis
436 2850 611 2936 herbisque
634 2850 784 2915 omnibus
808 2858 915 2913 essent
937 2847 1052 2913 odores
1067 2870 1172 2935 neque
1186 2849 1318 2913 arbores
1342 2849 1506 2931 turiferae,

365 2974 472 3039 neque
493 2953 615 3040 piperis
639 2951 756 3015 darent
777 2952 875 3014 bacas
899 2972 960 3015 nec
974 2972 1103 3013 murrae
1124 2948 1307 3034 glaebulas,
1330 2973 1391 3014 nec
1406 2950 1506 3037 Cyre-

435 3247 450 3293 2
468 3247 534 3292 tunc
554 3243 607 3292 GH
621 3240 705 3306 (Llc):
727 3241 836 3290 tertiam
853 3240 886 3289 Ε.
911 3236 923 3306 11
945 3244 1052 3290 tantam
1070 3238 1160 3301 (tanta
1173 3238 1204 3300 G)
1222 3238 1441 3302 magnitudinem
1459 3239 1507 3290 EG

367 3328 459 3394 (Lct):
479 3331 558 3376 tanta
577 3325 668 3389 (tanta
683 3324 687 3388 Ι
703 3327 741 3388 Η)
761 3325 953 3390 magnitudine
971 3325 1001 3373 H
1017 3322 1056 3388 (Ι).
1078 3320 1090 3390 11
1112 3326 1129 3373 4
1147 3338 1232 3374 venas
1256 3323 1310 3373 GH
1329 3321 1412 3386 (Llc):
1435 3339 1507 3373 vena

365 3420 426 3464 ante
444 3427 513 3464 corr.
533 3411 557 3460 Ε
573 3409 662 3473 (venae
680 3409 738 3471 Ec),
760 3405 773 3475 11
796 3410 979 3460 sandaracam
1002 3408 1111 3458 fodiunt
1133 3406 1384 3470 Mulier-Stratius:
1408 3407 1507 3457 sanda-

366 3500 431 3548 raca
451 3494 557 3560 (-·cam
575 3493 593 3558 t)
614 3493 756 3543 fodiuntur
778 3494 809 3542 H
828 3491 912 3556 (Hc),
937 3491 1093 3542 sandaraca
1112 3492 1254 3542 fodiuntur
1270 3492 1328 3542 EG.
1346 3487 1359 3558 11
1384 3507 1418 3540 ea
1437 3507 1508 3555 aqua

365 3583 434 3633 ιΙοσ.;
454 3579 477 3631 ds
495 3579 535 3642 (et
554 3576 585 3641 G)
605 3593 677 3642 aqua
695 3577 773 3626 EGH
790 3575 900 3641 (aquam
917 3582 977 3625 ante
994 3590 1063 3626 corr.
1083 3574 1142 3638 Le).
1160 3572 1174 3642 11
1198 3578 1214 3626 9
1233 3591 1340 3627 sucum:
1366 3590 1431 3625 suco
1448 3582 1508 3625 ante

366 3715 436 3750 corr.
454 3699 492 3758 H,
511 3686 578 3747 suad
597 3697 640 3745 Hc
657 3695 734 3760 (suco
753 3695 804 3756 ch).
826 3690 838 3758 11
863 3676 988 3743 ederent:
1007 3694 1048 3743 tic
1065 3695 1097 3743 de
1117 3692 1151 3743 Ge
1160 3693 1231 3755 falso
1249 3701 1356 3744 testatus
1373 3701 1412 3743 cst
1430 3692 1505 3742 Sota.

367 3786 418 3834 vid.
436 3784 473 3834 ad
486 3785 584 3848 p.1ss,
598 3785 621 3834 7.
638 3775 651 3847 11
668 3783 698 3829 11
718 3778 837 3828 insulam
855 3777 953 3828 lesbon
966 3813 972 3826 .
987 3816 1010 3830 ..
1023 3777 1171 3827 malasiam
1190 3774 1357 3839 (Maeoniam
1369 3778 1447 3840 Pus.)
1461 3813 1468 3826 .
1480 3813 1504 3826 ..

367 3868 463 3918 lidism
482 3865 587 3932 (lidiem
611 3871 670 3914 ante
692 3880 761 3915 corr.
780 3860 819 3926 H)
907 3859 1025 3911 siciliam
1045 3862 1283 3927 campaniam
1300 3861 1386 3911 EGH.
1417 3861 1507 3912 ablati-

366 3968 411 4003 oos
430 3947 490 4015 (-5
508 3950 540 4016 d)
559 3951 671 4000 restituit
687 3949 758 3998 Mar.
781 3943 800 4014 11
816 3950 975 4012 protropum
991 3947 1047 3997 doc.
1068 3943 1172 4010 (1522):
1191 3950 1332 4010 protyrum
1353 3944 1438 3995 EGH.
1451 3942 1463 4010 11
1476 3948 1506 3994 12

369 4036 654 4103 eataeecsumeniten‚
682 4033 772 4097 Lydia
799 4033 870 4084 Mar.
899 4023 1010 4094 (seriata
1028 4032 1096 4079 item
1117 4038 1177 4080 ante
1198 4028 1314 4092 Lydiam
1337 4028 1506 4090 Jos.1522):

368 4124 585 4172 cstaaeaaumen
611 4117 736 4182 (eataeas
764 4133 878 4167 caumen
901 4118 941 4174 H,
971 4119 1068 4166 catace
1096 4128 1214 4164 eanmsn
1234 4111 1281 4176 E).
1317 4113 1387 4160 Item
1412 4112 1506 4161 lidiam

368 4205 454 4257 ΕΘΗ.
476 4200 489 4270 11
511 4203 635 4254 tmoliten
652 4203 739 4253 Pasas
757 4202 872 4251 meliton
890 4199 975 4251 EGH.
997 4196 1010 4264 11
1036 4202 1066 4248 13
1084 4200 1156 4248 inter
1178 4196 1357 4246 Terracinam
1382 4201 1410 4244 et
1431 4196 1506 4244 Fun·

367 4289 418 4341 dos
436 4286 679 4352 Mulier-Stratinp:
708 4287 780 4336 inter
803 4287 897 4335 racina
915 4288 943 4333 et
962 4283 1055 4356 fundis
1075 4283 1108 4340 G,
1131 4281 1299 4330 intarracini
1316 4278 1339 4328 dr
1356 4279 1449 4330 sundis
1472 4279 1505 4341 E,

367 4373 565 4424 interraeinam
583 4371 605 4422 dr
623 4371 715 4422 fundis
737 4371 773 4421 H.
795 4366 808 4434 11
832 4368 990 4418 Caecubum
1013 4369 1068 4418 ed:
1093 4365 1233 4414 caesibnm
1257 4363 1342 4416 EGH.
1363 4359 1375 4428 11
1398 4363 1430 4413 15
1447 4378 1507 4427 pro·

369 4457 471 4509 creari:
489 4460 528 4508 sic
547 4457 630 4508 EGH.
654 4452 666 4522 11
690 4458 721 4506 16
739 4451 913 4521 proprietatis
932 4451 957 4499 E
975 4459 1001 4500 et
1017 4457 1076 4500 sale
1097 4465 1165 4501 corr.
1186 4447 1216 4498 G.
1239 4444 1252 4515 11
1274 4447 1380 4512 saporis
1399 4447 1506 4497 Mulier-

369 4542 492 4607 stractus
510 4540 598 4606 (rec.):
619 4555 732 4607 sapores
749 4538 828 4589 EGH
850 4535 989 4600 (saporum
1008 4535 1069 4599 ed).
1096 4530 1108 4602 11
1133 4534 1175 4582 sic
1191 4549 1238 4599 eqo
1263 4530 1352 4595 (rec.):
1375 4532 1412 4580 sit
1430 4531 1509 4582 EGH

370 4627 428 4688 (om.
447 4626 510 4692 ed).
531 4622 544 4692 11
567 4627 600 4676 20
618 4626 707 4675 iuncis
729 4626 798 4676 Joe.:
822 4621 911 4671 uineis
932 4620 1018 4670 EGH.
1040 4614 1052 4684 11
1075 4613 1378 4679 221nurraeH(ldc):
1401 4631 1508 4681 myrrae

371 4710 432 4777 (-q
452 4710 484 4774 G)
503 4711 560 4761 EG.
584 4705 597 4777 11
620 4710 746 4776 glebulas
764 4708 833 4762 loa:
853 4703 983 4772 glebulas
1001 4704 1087 4754 EGH.
