3784 5625
562 663 609 709 un
632 663 792 711 rivensis
816 663 976 710 ramucrs
999 663 1336 712 aucurracromcnn.
1458 650 1520 714 297

463 816 617 879 Materies
639 815 792 880 arborum
815 838 897 901 quae
918 816 961 879 ad
983 816 1156 880 utilitatem
1179 817 1324 881 fabricae
1339 818 1519 903 parabitur,
1534 819 1673 912 §gjgbffffl

376 920 525 982 autumni
560 927 704 1005 tempore
738 928 910 1004 antequam
944 918 1070 982 favonii
1100 919 1178 982 flare
1210 921 1369 1005 incipiant
1397 919 1521 983 utiliter
1531 923 1671 1011 ugffifflg·

378 1020 535 1084 caeditur.
574 1022 669 1105 prius
702 1029 812 1083 tamen
844 1042 949 1106 usque
980 1020 1023 1083 ad
1052 1020 1229 1084 medullam
1262 1022 1429 1085 securibus
1458 1023 1519 1084 cir·
1567 1023 1642 1063 ⁸³⁰⁰³³²

378 1123 539 1186 cumcisae
561 1131 685 1185 stantes
708 1122 976 1203 intermittantur,
1000 1131 1037 1186 ut
1058 1124 1185 1187 inutilis
1207 1145 1301 1187 umor
1321 1121 1472 1185 decurrat
1487 1132 1519 1185 et
1529 1106 1672 1207 (dall'1313,

334 1240 359 1306 ,5
379 1246 534 1288 venarum
557 1225 673 1287 raritas
696 1227 859 1288 exsiccata
880 1222 1048 1288 solidetur.
1086 1224 1144 1288 sed
1159 1247 1279 1308 genera
1293 1224 1446 1288 arborum
1461 1224 1519 1287 has

377 1328 464 1389 inter
486 1326 630 1389 serires
653 1336 685 1389 et
707 1326 907 1391 differentias
930 1325 1062 1390 habent.
1095 1326 1186 1389 abies
1203 1348 1280 1411 ergo
1295 1326 1420 1390 habens
1435 1314 1520 1389 aeris

378 1427 553 1515 plurimum
576 1436 607 1489 et
630 1428 733 1512 ignis,
765 1430 936 1491 minimum
957 1428 1079 1491 terreni
1102 1437 1134 1491 et
1155 1430 1295 1511 umoris7
1318 1430 1434 1491 meritc
1456 1450 1521 1490 non

378 1541 427 1594 est
448 1528 630 1616 ponderosa
653 1538 685 1591 ct
706 1529 847 1593 naturali
869 1531 978 1614 rigore
1000 1552 1066 1593 non
1088 1531 1152 1593 cito
1174 1530 1318 1593 flectitur
1331 1552 1351 1591 a
1366 1528 1520 1615 pondere.

377 1631 486 1695 laricis
516 1652 594 1695 vero
621 1616 757 1694 materia
779 1633 815 1694 in
836 1633 924 1696 omni
949 1630 1074 1695 fabrica
1095 1631 1254 1694 maximas
1277 1632 1376 1696 habet
1397 1630 1520 1694 utilita-

331 1747 360 1795 10
377 1743 438 1815 tes,
461 1734 565 1819 primo
588 1734 675 1817 quod
689 1755 739 1808 ⁴cu
762 1756 799 1796 ea
820 1733 950 1797 adfixae
972 1732 1103 1796 tabulae
1126 1732 1335 1818 subgrundas
1349 1734 1436 1817 ignis
1451 1733 1519 1796 vic-

378 1833 511 1897 lentiam
533 1833 718 1919 prohibent,
741 1856 846 1920 neque
868 1835 1138 1898 enim‘flammam
1154 1836 1317 1924 rccipiunt
1331 1857 1436 1921 neque
1452 1856 1519 1897 car-

379 1936 495 2000 bonem
527 1935 662 1999 faciunt.
706 1934 792 1999 larix
826 1958 903 2000 vcro
936 1958 957 1999 a
987 1935 1120 2000 castello
1152 1937 1306 2002 Laricino
1340 1947 1389 2000 est
1422 1936 1520 1999 dicta.

378 2060 515 2124 quercus
538 2039 677 2101 terrenis
700 2039 906 2103 satietatibus
927 2038 1099 2103 abundans
1120 2061 1233 2123 parum
1250 2038 1371 2102 babens
1387 2039 1520 2119 umoris,

378 2162 452 2203 cum
473 2140 508 2202 in
530 2141 667 2205 terrenis
695 2142 848 2227 operibus
876 2140 1025 2204 oburitur
1052 2150 1243 2226 perpetuam
1265 2149 1376 2202 servat
1397 2138 1520 2202 utilita-

332 2257 360 2304 15
378 2253 455 2305 tem.
499 2243 591 2305 cuius
613 2251 691 2328 apta
712 2241 871 2305 aedificiis
900 2243 1051 2305 materies
1075 2242 1163 2304 etin
1186 2262 1297 2303 umore
1319 2242 1426 2327 posita
1448 2263 1519 2325 per-

378 2353 508 2431 petuam
545 2341 679 2407 exhibet
715 2343 901 2407 utilitatem.
954 2344 1051 2427 fagus
1089 2340 1175 2428 quod
1217 2341 1385 2427 aequalem
1419 2340 1519 2404 habet

378 2446 569 2508 mixtionem
595 2447 717 2509 umoris
741 2454 772 2508 et
794 2446 898 2529 ignis,
926 2446 961 2508 in
981 2465 1094 2509 umore
1116 2444 1181 2507 cito
1204 2444 1390 2525 marcescit,
1422 2444 1519 2505 siccis

378 2547 457 2611 locis
480 2547 570 2610 utilis
594 2556 652 2610 cst.
697 2546 835 2632 populus
857 2546 933 2610 alba
955 2556 986 2610 et
1001 2547 1107 2630 nigra7
1131 2543 1216 2609 salix
1238 2554 1270 2609 ct
1292 2543 1364 2608 tilia
1386 2545 1472 2629 ignis
1489 2554 1521 2607 et

300 2728 306 2737 ⁵
378 2650 462 2712 aeris
485 2648 606 2712 habent
629 2651 828 2730 satietatem,
852 2649 887 2711 in
909 2648 1034 2712 fabrica
1056 2646 1170 2731 utiles,
1193 2649 1228 2711 in
1250 2646 1424 2732 sculpturis
1447 2668 1519 2730 gra·

328 2764 361 2811 20
378 2761 431 2815 tae
453 2750 674 2815 inveniuntur.
718 2751 823 2831 alnus,
848 2752 904 2838 qui
926 2751 1095 2837 proximus
1118 2771 1221 2837 aquae
1243 2750 1405 2831 nascitur,
1429 2758 1521 2812 tener

379 2864 410 2918 ct
433 2852 538 2917 mollis
561 2855 698 2917 materia
720 2861 813 2916 extra
835 2875 954 2938 aquam
974 2851 1118 2915 fabricae
1140 2851 1264 2916 inutilis
1288 2861 1354 2933 cst,
1379 2851 1437 2916 scd
1459 2852 1521 2915 hcc

379 2959 496 3019 mirum
518 2956 553 3018 in
575 2978 609 3018 se
631 2955 731 3019 habet
753 2955 840 3041 quod
866 2956 901 3017 in
922 2975 1035 3018 umore
1063 2952 1243 3038 palaticnes
1265 2954 1370 3039 spisse
1393 2953 1520 3016 defixae

379 3066 576 3121 structuram
610 3079 708 3143 supra
737 3078 772 3119 se
800 3057 920 3120 factam
953 3057 1024 3118 sine
1038 3046 1041 3051 ’
1055 3056 1138 3119 vitio
1166 3065 1308 3118 servant.
1353 3055 1460 3130 ulmus
1489 3063 1521 3117 et

378 3159 528 3222 fraxinus
551 3161 586 3222 in
608 3159 694 3222 omni
718 3179 815 3245 opere
837 3158 901 3222 cito
923 3158 1109 3237 flectuntur,
1136 3156 1193 3220 sed
1216 3179 1289 3220 cum
1310 3157 1455 3219 aruerint
1477 3155 1532 3241 ri·¹

330 3273 361 3320 25
379 3260 476 3344 gidae
504 3270 594 3343 sunt,
624 3261 758 3325 lcntcris
785 3282 882 3324 causa
903 3261 1027 3324 catenis
1049 3258 1157 3324 utiles.
1202 3259 1354 3344 carpinus
1376 3259 1411 3320 in
1433 3256 1520 3321 omni

380 3383 475 3446 opere
501 3363 682 3427 tractabilis
705 3373 737 3427 et
759 3362 851 3427 utilis
873 3363 1050 3426 invenitur.
1095 3383 1268 3447 cuprcssus
1292 3369 1324 3424 et
1345 3361 1441 3446 pinus
1463 3358 1519 3421 ad-

381 3463 544 3524 mirandas
566 3463 687 3528 habent
709 3466 860 3547 virtutes,
884 3465 971 3551 quod
993 3486 1058 3528 non
1081 3465 1145 3528 cito
1168 3462 1310 3550 pondere
1333 3470 1520 3542 curvantur,

381 3560 498 3623 durant
511 3563 596 3624 enim
608 3565 754 3648 integrae
766 3588 902 3652 semper.
922 3566 1039 3630 cedrus
1052 3567 1080 3629 si
1091 3589 1202 3631 umore
1213 3589 1278 3630 ncn
1287 3566 1521 3650 corrumpatur,

451 3751 463 3796 1
483 3749 614 3799 materies
637 3766 683 3814 eqo
703 3748 749 3813 (ear
766 3753 860 3816 Pali.)=
894 3755 987 3803 caesio
1005 3771 1063 3818 vpy.
1087 3750 1100 3820 {l
1122 3755 1167 3803 sub
1185 3756 1291 3818 capituli
1308 3769 1409 3803 numero
1426 3753 1479 3800 ΧΠ
1497 3753 1529 3800 iu·

328 3863 331 3869 ,
381 3836 493 3898 marpine
509 3835 742 3897 plepuntrcrtaec:
765 3835 789 3883 A
807 3837 856 3885 XV
878 3852 936 3900 usq·
961 3836 997 3885 ad
1019 3838 1099 3886 XXII
1122 3836 1186 3885 luna
1209 3837 1322 3886 arbores
1343 3833 1468 3900 paidant²
1487 3835 1522 3883 ad

381 3950 468 3985 naves
485 3917 598 3984 faciend
620 3932 632 4002 ΙΙ
654 3938 670 3984 6
693 3935 799 3986 habens
817 3937 887 3986 Mar.
912 3936 959 3999 (ea
981 3936 1076 3999 Vitr.):
1096 3937 1180 3986 habet
1198 3953 1255 4001 app.
1273 3933 1285 4001 ΙΙ
1302 3938 1317 3985 7
1336 3940 1364 3986 et
1382 3933 1451 3998 (port
1469 3939 1523 3983 ter-

382 4019 452 4084 reni)
466 4021 525 4069 add.
539 4020 609 4070 Mar,
624 4020 670 4083 (ex
685 4019 772 4082 Vua).
785 4015 797 4085 ΙΙ
810 4021 841 4069 10
853 4036 888 4069 ea
905 4039 951 4085 up:
968 4036 1000 4071 eo
1010 4037 1035 4084 9.
1050 4016 1063 4086 l}
1073 4019 1247 4084 subgrundas
1261 4035 1307 4083 eqo
1322 4019 1435 4084 (tegulis
1448 4019 1521 4077 Isiu,

382 4122 484 4185 tegulis
505 4122 535 4170 in
557 4122 648 4171 fronte
672 4125 807 4170 tectorum
829 4119 921 4187 paup
946 4121 1105 4186 subgrundas
1123 4138 1172 4186 app
1191 4119 1239 4186 (sic
1255 4137 1309 4170 cum
1327 4123 1381 4188 attii
1402 4123 1474 4186 siquo
1495 4122 1523 4170 tc

382 4215 406 4256 et
424 4207 482 4271 ²90).
506 4204 518 4271 ll
542 4208 571 4254 ll
591 4222 680 4270 neque
700 4206 771 4256 enim
785 4207 934 4257 -faciunt
951 4222 997 4256 om.
1016 4224 1030 4256 a
1049 4204 1305 4268 (phibentdarix),
1325 4222 1375 4276 nan
1392 4223 1434 4271 pp.
1454 4202 1466 4271 11
1492 4206 1522 4254 12

381 4292 525 4340 Laricino:
549 4293 587 4340 sic
605 4299 630 4340 et
648 4291 743 4341 Isidor.
763 4307 802 4340 or.
822 4294 860 4350 17,
881 4296 896 4339 7
914 4288 968 4354 (ubi
984 4293 1048 4341 idem
1061 4308 1096 4341 eae
1107 4292 1194 4340 eodem
1210 4291 1283 4351 fonte
1295 4292 1394 4354 error),
1415 4290 1522 4354 larigno

387 4375 453 4423 Vitr.
476 4371 488 4439 ll
513 4377 543 4424 13
566 4391 662 4439 parum
683 4386 725 4440 90:
752 4391 867 4439 paruum
885 4393 916 4440 up
941 4385 966 4425 et
989 4384 1047 4425 ante
1069 4392 1138 4428 corr.
1160 4391 1185 4440 9.
1211 4372 1226 4441 ΙΙ
1254 4377 1286 4424 14
1307 4376 1523 4425 utilitatem.ex

383 4461 462 4507 cuius
480 4464 547 4523 apta
565 4497 571 4508 .
586 4496 612 4511 ..
632 4478 655 4509 v.
671 4456 683 4526 {l
700 4461 731 4510 17
750 4460 871 4509 humoris
888 4479 902 4509 v
921 4458 984 4525 (θὴς
1004 4476 1081 4510 -res
1097 4479 1115 4525 p
1129 4469 1155 4509 et
1166 4467 1225 4510 aute
1243 4476 1312 4509 corr.
1324 4476 1349 4524 9.
1365 4456 1377 4525 ΙΙ
1395 4463 1426 4509 19
1439 4459 1523 4509 utiles

385 4544 453 4594 Pol:
478 4543 592 4593 inutiles
609 4561 665 4610 app.
690 4539 702 4610 ll
725 4544 855 4593 sculturis
872 4561 897 4609 9.
921 4542 933 4610 Η
956 4548 989 4595 20
1007 4561 1085 4610 aquae
1103 4562 1148 4608 vp:
1173 4560 1245 4608 aqua
1261 4560 1286 4607 p.
1309 4541 1321 4609 ΙΙ
1344 4546 1377 4594 25
1394 4545 1523 4608 carpinus

382 4641 408 4674 a:
429 4627 564 4691 carpimus
580 4646 616 4694 pp
634 4629 692 4691 (sed
708 4645 761 4678 rum
778 4630 833 4678 vitii
849 4631 921 4693 siquo
938 4629 989 4693 9⁶).
1013 4626 1025 4695 ΙΙ
1047 4631 1081 4679 28
1100 4630 1216 4680 caedrus
1234 4648 1258 4694 v,
1278 4628 1386 4679 cethrus
1403 4646 1421 4693 p
1442 4625 1455 4693 11
1467 4644 1524 4692 cor-

383 4716 524 4774 rumpatur
540 4729 587 4777 pp:
607 4710 789 4777 conrumpaet²
809 4729 831 4761 υ.
