3784 5625
681 680 728 729 ur
751 681 1019 741 Aacnrrscrum
1041 682 1110 731 um.
1134 683 1184 732 111.
1464 668 1505 735 63

361 845 424 899 tur.
469 821 572 919 igitur
594 837 745 919 quoniam
767 834 848 899 haec
874 859 940 901 non
962 837 1009 900 ita
1031 836 1090 900 sed
1112 839 1160 901 uti
1183 847 1299 902 natura
1313 837 1427 903 ‘rerum
1448 862 1503 904 vo·

360 936 422 1001 luit
445 944 519 1000 sunt
541 936 735 1017 constituta,
764 959 831 1001 non
852 937 994 1002 efficitur
1015 947 1053 1002 ut
1074 942 1201 1025 possint
1222 940 1368 1003 homines
1390 940 1505 1005 obseu-

360 1038 440 1102 ratis
475 1037 535 1101 sub
564 1038 749 1123 pectoribus
769 1034 919 1123 ingeniis
949 1041 1103 1105 scientias
1135 1040 1347 1106 artificiorum
1375 1044 1504 1129 penitus

360 1139 500 1204 latentes
534 1139 808 1224 quemadmodum
841 1142 906 1205 sint
938 1141 1094 1205 iudicare.
1148 1141 1276 1227 ipsique
1303 1143 1444 1207 artifices
1467 1145 1506 1206 'si

363 1239 579 1327 polliceantur
607 1263 698 1305 suam
727 1240 945 1327 prudentiam,
975 1244 1004 1306 si
1030 1265 1096 1307 non
1123 1244 1261 1328 pecunia
1289 1245 1355 1309 sint
1382 1246 1539 1330 copiosi5

362 1366 419 1407 seu
441 1351 604 1408 vetustate
632 1343 834 1408 officinarum
857 1343 1031 1408 habuerint
1051 1344 1212 1425 notitiam,
1234 1347 1411 1408 autetiam
1432 1367 1504 1429 gra-

360 1446 407 1509 tia
428 1445 552 1510 forensi
574 1453 606 1509 et
628 1443 813 1530 eloquentia
835 1444 908 1511 cum
930 1445 1053 1510 fuerint
1078 1447 1236 1531 inparati,
1265 1469 1323 1531 pro
1345 1445 1507 1510 industria

361 1545 544 1611 studiorum
571 1530 782 1610 auctoritates
803 1570 869 1613 non
890 1556 1027 1634 possunt
1053 1546 1174 1611 habere
1196 1556 1232 1611 ut
1253 1549 1301 1611 eis
1324 1546 1411 1632 quod
1433 1570 1506 1634 pro·

328 1646 494 1711 nfitentur
516 1647 599 1711 scire
621 1648 657 1711 id
680 1648 841 1716 credatur.
891 1651 1035 1713 maxime
1055 1659 1165 1714 autem
1186 1648 1222 1712 id
1244 1649 1506 1712 animadvertere

361 1771 532 1835 possumus
562 1749 605 1814 ab
627 1752 771 1836 antiquis
801 1752 968 1814 statuariis
992 1759 1023 1814 et
1045 1750 1245 1837 pictoribus,
1274 1751 1362 1837 quod
1389 1772 1437 1814 ex·
1453 1750 1505 1814 his
1525 1768 1556 1815 10

363 1851 420 1937 qui
449 1851 621 1936 dignitatis
649 1861 742 1918 notas
772 1861 804 1915 et
832 1851 1120 1917 commendationis
1147 1854 1287 1937 gratiam
1312 1852 1505 1934 habuerunt,

362 1961 495 2016 aeterna
516 1953 670 2017 memoria
691 1952 735 2016 ad
757 1955 982 2040 posteritatem
1004 1965 1079 2018 sunt
1101 1962 1339 2039 permanentes,
1361 1955 1410 2018 uti
1431 1954 1505 2041 My·

362 2076 422 2117 ron
452 2051 639 2140 Polycletus
667 2054 802 2123 Phidias
831 2056 998 2143 Lysippus
1026 2057 1191 2142 ceterique
1218 2057 1275 2142 qui
1301 2055 1505 2120 nobilitatem

363 2178 405 2219 ex
434 2165 505 2220 arte
533 2165 608 2220 sunt
636 2158 812 2221 consecuti.
855 2179 995 2243 namque
1023 2167 1060 2221 ut
1088 2158 1278 2223 civitatibus
1300 2158 1427 2242 magnis
1449 2165 1506 2219 aut

362 2257 495 2343 regibus
528 2267 584 2321 aut
617 2257 746 2322 civibus
775 2259 942 2324 nobilibus
970 2280 1068 2345 opera
1093 2259 1256 2341 fecerunt,
1289 2260 1336 2323 ita
1367 2258 1402 2320 id
1430 2266 1505 2320 sunt
1524 2275 1556 2322 15

360 2360 483 2447 adepti.
527 2369 561 2424 at
593 2361 650 2445 qui
681 2381 747 2424 non
780 2361 905 2425 minore
937 2360 1045 2423 studio
1080 2369 1113 2423 et
1138 2360 1270 2443 ingenio
1298 2359 1505 2443 sollertiaque

360 2462 494 2526 fuerunt
508 2460 687 2545 nobilibus,
711 2471 743 2525 et
758 2460 873 2526 humili
888 2460 1021 2525 fortuna
1045 2460 1173 2524 civibus
1196 2483 1261 2524 non
1282 2462 1390 2524 minus
1414 2480 1502 2542 egre-

360 2564 415 2648 gie
436 2563 580 2650 perfecta
595 2564 743 2628 lecerunt
764 2585 872 2649 opera,
894 2562 1017 2628 nullam
1038 2563 1226 2626 memoriam
1248 2571 1324 2626 sunt
1345 2560 1504 2641 adsecuti,

362 2664 450 2751 quod
477 2666 511 2728 hi
537 2687 603 2729 non
629 2665 671 2729 ab
699 2665 862 2729 industria
889 2686 994 2751 neque
1015 2667 1093 2729 artis
1118 2663 1261 2730 sollertia
1283 2665 1340 2727 sed
1362 2685 1382 2725 a
1402 2660 1504 2726 felici-

359 2776 428 2832 tate
442 2767 574 2833 fuerunt
584 2766 709 2833 deserti
717 2818 726 2851 ,
749 2777 786 2833 ut
801 2766 916 2832 Telcas
931 2766 1159 2851 Atheniensis,
1183 2766 1290 2831 Chion
1304 2763 1504 2848 Corinthius,
1522 2780 1556 2829 ao

361 2869 520 2955 Myagrus
552 2869 741 2953 Phocaeus,
775 2870 906 2935 Pharax
938 2869 1126 2956 Ephesius,
1160 2868 1288 2934 Boedas
1321 2867 1503 2955 Byzantius

361 2972 525 3057 etiamque
552 2970 609 3035 alii
636 2970 756 3058 plures.
798 2995 864 3036 non
891 2973 999 3037 minus
1021 2973 1100 3035 item
1122 2973 1278 3058 pictores,
1307 2970 1355 3034 uti
1377 2969 1504 3032 Aristo-

360 3094 471 3136 menes
494 3070 651 3156 Thasius,
674 3072 824 3161 Polycles
854 3082 885 3137 et
907 3072 1045 3138 Andron
1066 3072 1220 3158 Ephesii,
1249 3071 1340 3135 Theo
1367 3071 1503 3154 Magnes

360 3175 542 3260 ceterique,
571 3195 652 3260 quos
679 3197 785 3261 neque
813 3174 978 3241 industria
1004 3196 1109 3260 neque
1132 3175 1210 3237 artis
1233 3172 1378 3238 studium
1399 3192 1505 3257 neque

429 3402 445 3448 3
462 3398 567 3463 ingenii
584 3399 617 3449 E.
641 3395 654 3466 Η
675 3402 692 3449 4
710 3398 831 3452 artifices
849 3401 874 3450 si
893 3399 989 3462 (etiam
1007 3399 1033 3449 si
1049 3396 1117 3463 Joc.)
1141 3396 1324 3463 polliceantur
1345 3397 1415 3449 Joc:
1439 3396 1505 3445 arti-

361 3482 428 3532 lices
444 3482 646 3553 pollicerentur
663 3485 748 3535 EGH.
778 3481 789 3552 Η
818 3487 900 3535 6seu
921 3485 992 3541 doe:
1016 3483 1066 3534 sed
1084 3483 1169 3535 ΕΘΗ.
1193 3479 1205 3548 Η
1234 3485 1248 3532 7
1272 3497 1346 3532 cum:
1368 3483 1406 3531 stc
1427 3481 1506 3532 EGH

362 3568 429 3630 (uon
446 3568 524 3633 doc).
547 3565 560 3634 Η
582 3552 705 3635 inparati
722 3586 781 3635 epo:
801 3568 893 3635 parati
910 3569 998 3620 EGH.
1022 3564 1035 3634 Η
1057 3570 1073 3618 8
1091 3583 1146 3618 uon
1163 3568 1223 3617 add.
1236 3568 1292 3618 Joe.
1311 3565 1505 3629 (auctoritates

361 3656 477 3719 possunt
494 3652 594 3714 ΕΘΗ).
620 3650 632 3720 Η
657 3655 741 3726 quod:
762 3655 870 3719 quiaE.
893 3650 906 3721 Η
925 3654 941 3701 9
960 3652 1090 3702 credatur
1110 3653 1179 3703 Joe:
1207 3652 1366 3702 crederetur
1383 3650 1469 3700 ΕΘΗ.
1491 3646 1503 3715 Η

364 3739 395 3787 11
415 3737 560 3802 dignitatis
579 3740 633 3790 ed:
658 3738 810 3803 dignitates
830 3740 887 3797 GH,
907 3743 969 3788 -te
987 3737 1021 3786 E.
1043 3733 1056 3802 Η
1081 3739 1112 3785 12
1129 3737 1319 3800 posteritatem
1336 3737 1365 3784 H
1384 3733 1504 3798 (cebron

361 3825 531 3886 potestatem
548 3821 695 3872 Basante
714 3839 783 3874 coerr.
803 3825 833 3874 G.
855 3819 868 3890 Η
891 3825 979 3874 miron
996 3820 1144 3886 policletus
1162 3821 1220 3873 EG.
1244 3817 1256 3886 Η
1281 3824 1312 3870 13
1334 3817 1453 3883 phydiss
1476 3818 1507 3867 H

363 3904 443 3970 (Llc).
466 3902 479 3972 Η
501 3905 619 3971 lisippus
638 3907 695 3957 EG.
718 3904 730 3972 Η
755 3909 786 3956 16
804 3909 909 3958 minore
928 3909 990 3958 EG:
1010 3906 1109 3956 minori
1126 3907 1158 3954 H
1174 3904 1253 3969 (LIc).
1276 3901 1288 3971 Η
1312 3907 1344 3954 19
1361 3903 1402 3968 1111
1418 3903 1455 3964 H,
1476 3903 1505 3951 hi

362 4008 412 4058 EG
425 4006 509 4072 (Llc),
527 3992 556 4057 hi
576 4006 696 4072 (ntsolet)
709 4008 751 4060 6⁶.
766 4004 779 4075 Η
795 4011 828 4059 20
839 4009 1020 4060 desertina:
1041 4007 1148 4070 desepti
1158 4007 1237 4055 EGH
1246 4003 1291 4069 (ef.
1301 4024 1328 4070 p.
1338 4009 1361 4061 9,
1376 4005 1430 4068 13).
1447 4002 1459 4069 Η
1475 4009 1505 4052 ut

362 4092 464 4144 'I'eless
477 4109 524 4159 epo
543 4091 588 4156 (=
602 4093 716 4143 Telesina
734 4093 795 4142 Ata.
814 4110 856 4158 up.
871 4094 946 4144 Glem.
961 4093 1004 4142 Al.
1015 4099 1101 4157 protr.
1111 4107 1139 4155 p.
1154 4094 1187 4139 11
1199 4089 1295 4155 Sylt.):
1314 4094 1345 4139 ut
1356 4088 1457 4139 thellas
1470 4090 1504 4152 E,

361 4174 514 4245 utthelllas
528 4178 556 4237 G,
575 4182 607 4227 ut
618 4177 709 4228 hellas
722 4178 751 4225 H
763 4176 841 4241 (Leuc,
860 4184 892 4227 ut
908 4175 998 4228 bellas
1015 4185 1075 4226 ante
1093 4192 1161 4226 corr.
1174 4174 1208 4237 L)
1223 4174 1267 4236 (=
1276 4176 1393 4239 Hepins?
1411 4176 1504 4239 dequo

361 4280 383 4313 υ.
402 4261 495 4312 Brnnn
512 4262 536 4321 I,
557 4265 614 4313 101.
631 4260 702 4325 158).
725 4257 737 4327 Η
760 4261 860 4311 Chion:
881 4261 982 4320 Χίονις
999 4262 1077 4311 Pons.
1095 4262 1129 4322 X,
1149 4264 1192 4310 13.
1217 4255 1228 4324 Η
1251 4262 1282 4308 21
1302 4259 1422 4322 miagrus
1440 4258 1474 4308 E.
1490 4256 1502 4323 Η

361 4347 484 4411 phoceus
501 4347 588 4400 EGH.
610 4343 623 4414 Η
645 4345 761 4397 boedas:
785 4348 823 4396 sic
840 4347 925 4398 ΕΘΗ.
949 4343 961 4412 Η
984 4347 1124 4396 bizantius
1142 4344 1200 4394 EG.
1223 4341 1235 4410 Η
1262 4345 1295 4393 23
1316 4341 1504 4408 polydeuces

305 4461 308 4468 ·
365 4431 416 4481 GH
433 4429 552 4496 (polides
571 4433 628 4490 Εἰ,
647 4429 763 4497 polydes
782 4429 826 4492 lc).
849 4427 861 4496 Η
889 4434 918 4480 et
935 4430 1046 4480 Andron
1063 4430 1180 4495 Ephesii
1204 4426 1273 4496 (eqo)
1295 4427 1371 4476 Theo
1389 4426 1504 4493 Magnes

364 4515 472 4585 (Mar.):
502 4514 524 4566 dt
544 4516 584 4578 (et
603 4513 634 4581 (ι’)
659 4515 846 4565 andromitbes
870 4515 965 4565 uitheo
988 4516 1095 4578 magnis
1117 4513 1196 4563 ΕΘΗ
1219 4509 1449 4578 (nitheolmaguis
1474 4514 1502 4572 G,

364 4633 567 4701 nitheomagnis
585 4635 623 4692 Ε,
640 4597 720 4684 -pes
717 4634 827 4714 ν11111110
840 4634 946 4699 mugnis
961 4633 1017 4698 Le),
1040 4629 1054 4700 Η
1075 4634 1109 4683 at
1120 4636 1261 4699 ceterique
1274 4635 1327 4684 ed:
1347 4633 1520 4698 ceterisque.

365 4735 450 4789 EGH.
474 4733 486 4804 Η
510 4751 589 4802 quos:
610 4736 683 4801 quod
700 4744 760 4788 ante
778 4752 848 4788 corr.
869 4735 902 4785 Ε,
