3784 5625
687 703 734 749 nn
756 702 1027 751 Anonrrnoruns
1049 706 1119 751 nis.
1144 705 1191 753 rv.
1467 691 1509 755 89

362 843 558 945 glyphorum
581 856 827 943 dispositionem
850 866 882 921 et
903 857 1093 942 intertignia
1115 866 1317 944 metoparum
1339 858 1460 923 habere
1474 862 1509 924 in
1612 892 1614 899 ¹

329 958 485 1022 edoricis
512 957 665 1044 operibus
694 966 878 1044 coeperunt.
923 968 1036 1044 postea
1057 958 1114 1021 alii
1136 959 1170 1022 in
1191 958 1265 1023 aliis
1288 960 1442 1045 operibus
1465 960 1509 1025 ad

362 1058 632 1147 perpendiculum
653 1058 895 1148 triglyphorum
917 1059 1101 1125 cantherios
1123 1062 1343 1148 prominentes
1365 1063 1507 1149 proiece-

361 1171 439 1228 runt
461 1183 636 1247 eorumque
658 1164 857 1248 proiecturas
880 1162 1092 1226 simaverunt.
1138 1185 1180 1226 ex
1195 1185 1232 1227 eo
1248 1165 1296 1227 uti
1312 1186 1329 1227 e
1343 1165 1508 1248 tignorum

363 1263 636 1351 dispositionibus
659 1262 830 1351 triglyphi,
854 1265 900 1327 ita
923 1286 940 1327 e
963 1263 1201 1329 cantheriorum
1223 1266 1415 1351 proiecturis
1438 1288 1506 1329 mu·
1526 1281 1542 1329 5

363 1365 506 1432 tulerum
529 1364 591 1430 sub
614 1366 741 1430 coronis
769 1368 852 1431 ratio
881 1375 929 1430 est
952 1367 1096 1429 inventa.
1140 1367 1186 1429 ita
1208 1365 1276 1429 fere
1298 1368 1333 1430 in
1355 1367 1507 1453 operibus

362 1466 503 1555 lapideis
527 1475 558 1531 et
580 1469 769 1532 marmoreis
791 1466 909 1531 mutuli
923 1468 1095 1532 ‚inclinatis
1123 1466 1296 1554 scalpturis
1324 1468 1507 1534 deforman-

362 1578 428 1649 tur,
445 1569 531 1655 quod
546 1569 686 1634 imitatio
703 1579 752 1634 est
767 1568 1017 1634 cantheriorum.
1045 1570 1164 1632 etenim
1179 1570 1361 1635 necessario
1376 1580 1509 1657 propter

363 1669 534 1746 stillicidia
566 1671 738 1757 proclinati
773 1670 992 1735 conlocantur.
1042 1692 1119 1756 ergo
1148 1681 1180 1735 et
1203 1668 1448 1759 'triglyphorum
1477 1681 1509 1736 et

362 1772 559 1838 mutulorum
592 1774 627 1837 in
661 1773 780 1838 doricis
814 1771 967 1860 operibus
1000 1774 1083 1837 ratio
1111 1795 1153 1837 ex
1177 1788 1221 1837 'ea
1247 1774 1429 1839 imitatione
1461 1776 1508 1838 in·
1529 1793 1560 1840 10

363 1885 464 1941 venta
487 1884 546 1939 est.

330 1995 346 2043 4
449 1977 524 2042 Non
560 1978 645 2041 enim
682 1975 953 2063 quemadmodum
990 1976 1136 2041 nonnulli
1173 1988 1317 2043 errantes
1355 1979 1511 2045 dixerunt

363 2080 581 2145 fenestrarum
608 2080 768 2164 imagines
797 2100 868 2142 esse
894 2077 1079 2167 triglyphos
1107 2080 1152 2142 ita
1174 2089 1283 2167 potest
1306 2103 1395 2163 esse,
1423 2081 1510 2166 quod

363 2184 398 2246 in
420 2180 550 2267 angulis
573 2176 749 2267 contraque
770 2189 926 2245 tetrantes
955 2180 1175 2245 columnarum
1204 2180 1362 2269 triglyphi
1390 2184 1508 2247 consti-

363 2293 515 2366 tuuntur,
550 2282 667 2369 quibus
695 2284 729 2345 in
757 2268 835 2347 locis
865 2284 994 2347 omnino
1025 2305 1090 2347 non
1116 2284 1240 2368 patitur
1269 2306 1320 2347 res
1349 2283 1508 2347 fenestras
1528 2299 1560 2347 15

364 2386 446 2450 fieri.
491 2384 717 2450 dissolvuntur
745 2385 830 2447 enim
857 2383 1050 2468 angulorum
1077 2385 1112 2446 in
1138 2384 1297 2448 aedificiis
1326 2386 1507 2468 iuncturae,

365 2490 393 2553 si
421 2488 456 2551 in
483 2489 512 2552 is
539 2479 755 2551 fenestrarum
783 2485 905 2550 fuerint
938 2485 1061 2550 lumina
1088 2486 1211 2549 relicta.
1262 2487 1424 2573 etiamque
1452 2486 1509 2550 ubi
1543 2540 1546 2543 .

364 2612 451 2655 nunc
484 2588 644 2676 triglyphi
677 2590 916 2653 constituuntur
950 2588 979 2652 si
1006 2588 1054 2651 ibi
1082 2586 1240 2653 luminum
1273 2589 1381 2675 spatia
1407 2588 1510 2652 fuisse

365 2690 612 2775 iudicabuntur,
640 2690 745 2759 isdem
766 2690 949 2754 rationibus
972 2688 1130 2754 denticuli
1150 2691 1185 2753 in
1200 2691 1327 2760 >ionicis
1351 2689 1508 2755 fenestra·

365 2817 438 2860 rum
471 2794 684 2882 occupavisse
717 2792 788 2858 loca
820 2791 1029 2857 videbuntur.
1078 2801 1216 2880 utraque
1249 2793 1336 2858 enirn
1364 2802 1396 2858 et
1424 2794 1510 2858 inter
1527 2808 1561 2858 2ο

366 2895 548 2962 denticulos
572 2906 604 2960 et
626 2897 711 2961 inter
732 2895 916 2982 triglyphos
945 2896 1028 2982 quae
1055 2905 1131 2960 sunt
1157 2895 1330 2961 intervalla
1360 2905 1510 2983 metopae

365 2999 584 3064 nominantur.
627 2989 713 3074 ὸπας
735 2999 820 3060 enim
836 2997 956 3062 Graeci
976 2999 1141 3082 tignorum
1156 2997 1302 3063 cubicula
1318 3008 1349 3062 et
1363 3003 1509 3063 asserum

365 3099 542 3188 appellant,
565 3100 614 3162 uti
634 3100 738 3164 nostri
759 3121 796 3162 ea
816 3122 897 3163 cava
917 3098 1127 3191 columbaria.
1164 3102 1210 3165 ita
1225 3101 1312 3186 quod
1328 3102 1413 3164 inter
1427 3100 1510 3164 duas

361 3214 445 3289 'opas
468 3209 518 3265 est
539 3202 775 3284 intertignium‚
799 3200 833 3264 id
855 3223 981 3285 μετοπη
1004 3192 1054 3266 est
1075 3202 1161 3289 apud
1184 3225 1237 3266 eos
1256 3203 1466 3265 nominatum.

334 3332 350 3378 5
451 3304 503 3368 lta
525 3303 574 3366 uti
594 3312 704 3367 autem
726 3305 760 3366 in
781 3303 900 3368 doricis
922 3303 1162 3391 triglyphorum
1184 3312 1216 3366 et
1242 3303 1439 3369 mutulorum
1462 3311 1511 3367 est
1528 3318 1561 3368 25

366 3407 501 3470 inventa
528 3405 626 3488 ratio,
654 3407 733 3469 item
759 3405 796 3482 in
822 3406 938 3470 ionicis
967 3405 1205 3471 denticulorum
1227 3407 1415 3471 constitutio
1437 3428 1510 3494 pro-

366 3509 473 3596 priam
494 3509 530 3572 in
551 3506 703 3594 operibus
726 3505 826 3571 habet
847 3508 1022 3590 rationem,
1047 3517 1078 3572 et
1100 3507 1372 3594 quemadmodum
1394 3507 1511 3572 mutuli

366 3609 608 3675 cantheriorum
641 3610 844 3695 proiecturae
876 3608 989 3674 ferunt
1018 3609 1210 3694 imaginem,
1249 3612 1296 3675 sic
1328 3611 1363 3675 in
1395 3611 1510 3676 ionicis

365 3844 368 3849 ·
437 3816 677 3884 ldispositionem
698 3815 787 3867 Selia:
817 3832 885 3866 -ne
911 3817 970 3867 GH.
998 3811 1010 3881 ΙΙ
1037 3817 1202 3882 intertignie
1230 3815 1322 3881 (bor.)
1341 3819 1517 3881 metoparum·

368 3899 475 3966 (Mar.):
494 3903 675 3968 intertignum
694 3906 721 3951 et
740 3917 855 3966 operum
871 3902 903 3950 H
919 3899 1004 3966 (Lle),
1028 3901 1137 3964 intignir
1161 3900 1232 3964 (ante
1250 3899 1330 3966 corr.)
1356 3906 1384 3951 et
1403 3901 1510 3966 aphani

370 3987 399 4040 G.
421 3985 433 4053 ll
456 3987 534 4036 4uti
552 4001 566 4036 e
583 3987 722 4052 tignorum
739 3987 811 4037 Joc:
836 3988 876 4036 uti
898 3987 1035 4051 tignorum
1056 3985 1114 4036 GH.
1137 3979 1149 4049 ll
1172 3987 1188 4034 6
1211 3986 1319 4035 coronis
1337 3985 1407 4036 doe:
1433 4000 1509 4034 coro·

367 4071 441 4122 nulis
463 4071 517 4122 GH
530 4068 595 4135 (scir.
615 4070 786 4122 coronulis
804 4073 821 4123 i.
840 4087 861 4121 e.
882 4058 983 4121 colona
1000 4068 1047 4120 vel
1071 4069 1199 4133 coronis).
1222 4066 1234 4135 ss
1259 4073 1273 4120 7
1292 4069 1448 4119 inclinatis:
1472 4071 1510 4119 sic
1603 4087 1606 4091 ’

371 4156 429 4208 GH.
452 4151 465 4222 ll
489 4158 521 4205 10
540 4171 609 4206 exea
628 4157 662 4207 G:
678 4140 709 4205 f&
728 4172 761 4206 ea
779 4157 811 4204 H
825 4154 906 4220 (Llc).
931 4151 942 4221 ll
968 4156 998 4205 13
1017 4152 1271 4218 esse.tryglyphos
1289 4161 1347 4203 ante
1365 4169 1419 4203 ras.
1440 4155 1476 4207 H.
1496 4152 1508 4219 ΙΙ

369 4242 400 4290 17
418 4241 456 4290 si:
475 4245 588 4290 sitente
606 4256 660 4294 ras.
681 4241 716 4291 H.
740 4236 752 4305 ll
773 4239 810 4288 is:
829 4239 872 4288 his
893 4240 950 4290 GH.
974 4235 986 4304 Η
1010 4240 1041 4288 19
1065 4237 1200 4287 denticuli
1221 4239 1262 4291 ed..
1285 4239 1338 4289 Fe:
1361 4237 1511 4289 denticulis

370 4326 428 4376 GH.
452 4321 465 4392 ΙΙ
487 4326 521 4375 20
538 4330 655 4388 utraque
673 4325 744 4378 Joc:
763 4323 874 4386 utrique
894 4324 955 4373 GH.
976 4320 988 4388 ll
1012 4324 1044 4371 21
1063 4320 1212 4372 intervella
1224 4322 1353 4386 metophe
1373 4323 1394 4373 G
1413 4322 1510 4391 (—phe

371 4409 428 4473 θὴς
446 4408 625 4460 intervallum
643 4407 737 4476 &ephe
754 4410 786 4458 H
801 4405 881 4472 (Llc).
906 4404 917 4473 ll
939 4409 971 4457 22
991 4407 1077 4471 opbas
1092 4406 1150 4458 GH.
1173 4401 1185 4472 Η
1206 4406 1348 4456 cubicula:
1365 4410 1404 4458 sic
1423 4409 1481 4459 GH.
1497 4408 1508 4475 ll

370 4496 549 4562 aspernante
571 4510 639 4544 corr.
665 4494 694 4545 G.
722 4489 734 4560 Η
761 4497 794 4544 23
813 4508 883 4543 cava
901 4492 938 4543 L:
955 4491 1035 4541 caba
1055 4491 1109 4540 GH
1124 4488 1179 4553 (le).
1203 4487 1214 4557 ΙΙ
1238 4493 1271 4540 24
1289 4506 1356 4556 opes
1374 4496 1416 4542 est
1428 4493 1512 4544 inter-

369 4579 488 4644 tigninm
506 4579 577 4632 Joe.:
597 4579 683 4649 ophas
696 4582 724 4628 et
743 4577 776 4643 t&
787 4577 830 4643 H)
844 4577 997 4642 intertigm'r
1016 4576 1076 4626 GH.
1100 4572 1111 4641 Η
1134 4576 1264 4642 metopha
1277 4581 1320 4626 est
1332 4576 1358 4640 (e
1372 4575 1402 4640 θ)
1424 4578 1482 4628 θΗ.
1497 4576 1509 4643 ll

369 4680 540 4731 nominatum
557 4681 626 4734 ros:
644 4683 708 4730 -ta
728 4679 786 4730 en.
811 4676 822 4745 ιι
848 4680 881 4731 rs
904 4679 944 4728 na
962 4678 1114 4729 otiantem
1137 4661 1199 4742 (aui
1220 4679 1265 4743 ωε
1292 4681 1330 4729 se
1353 4679 1411 4730 on.
1440 4675 1454 4746 u
1479 4681 1512 4730 rs

370 4766 463 4817 ferunt
483 4766 505 4817 6
523 4761 583 4831 (L):
603 4765 714 4816 fuerunt
730 4765 763 4814 H
777 4763 831 4829 (te).
878 4816 881 4820 ,
