3784 5625
559 722 607 769 uu
629 722 791 779 mvansm
814 721 976 771 sanarem
999 720 1337 806 ascmrnororucaa.
1455 708 1517 773 307
1598 775 1600 779 ,

375 872 478 953 nebit,
502 872 681 959 scripulum
696 876 767 937 auri
791 895 887 960 super
903 874 932 937 si
954 876 1113 960 posueris,
1136 876 1172 937 in
1187 875 1312 959 liquore
1328 873 1518 939 descendet.

374 974 461 1037 unde
484 973 654 1058 intelleges
677 997 741 1039 non
770 976 922 1062 ponderis
945 974 1003 1038 sed
1026 985 1160 1039 naturae
1183 998 1254 1039 esse
1277 975 1518 1040 discretionem.

375 1077 485 1161 itaque
507 1075 535 1137 si
557 1076 687 1139 aurifex
709 1078 826 1161 pannis
853 1076 1025 1141 textilibus
1054 1077 1207 1141 adustum
1228 1076 1303 1140 rudi
1325 1099 1405 1143 vaso
1426 1076 1519 1141 fictili

377 1175 473 1239 solidi
495 1177 566 1239 auri
589 1176 757 1263 pulverem
779 1179 869 1263 prius
892 1177 1064 1261 lavaverit,
1087 1186 1201 1265 postea
1222 1179 1362 1242 mixtum
1383 1189 1519 1263 argento

341 1278 453 1343 ovivo
481 1276 535 1340 vel
562 1278 597 1340 in
624 1300 732 1364 pauno
760 1278 814 1341 vel
842 1280 876 1343 in
905 1278 1039 1367 linteolo
1067 1280 1260 1366 comprimes
1283 1289 1320 1344 ut
1342 1278 1448 1366 liquor
1469 1302 1518 1342 ar-

374 1379 465 1461 genti
488 1400 663 1465 cxpressus
693 1389 821 1444 emanet
843 1390 875 1443 et
896 1403 1011 1444 aurum
1034 1379 1175 1445 solidum
1198 1382 1393 1445 intrinsecus
1415 1403 1517 1445 rema·

375 1489 460 1542 neat.
505 1502 619 1543 verum
646 1480 796 1566 probatio
822 1482 917 1544 minii
940 1483 989 1545 sic
1012 1482 1073 1545 crit
1096 1482 1311 1548 observanda.
1355 1484 1389 1546 in
1412 1481 1520 1546 lamna

374 1580 481 1645 ferrea
503 1584 660 1664 mittatur·
674 1592 705 1645 et
728 1604 826 1668 super
847 1584 958 1667 ignem
980 1593 1119 1669 ponatur
1141 1584 1266 1648 tamdiu
1288 1583 1392 1649 donec
1412 1583 1520 1648 lamna

374 1683 536 1748 rubescat.
573 1693 652 1747 tunc
673 1694 851 1749 retractum
872 1684 1077 1769 refrigescat.
1115 1687 1144 1749 si
1167 1685 1307 1750 colorem
1329 1709 1395 1751 non
1416 1696 1518 1751 muta-

325 1804 356 1851 10
374 1788 470 1868 verit,
494 1786 651 1872 optimum
675 1786 747 1869 crit,
771 1788 799 1850 si
821 1788 1008 1869 mutaverit,
1031 1788 1185 1852 vitiatum
1208 1791 1279 1852 erit.
1317 1789 1441 1853 colores
1463 1810 1519 1853 au-

373 1897 440 1950 tem
463 1908 572 1949 omnes
596 1886 693 1951 calcis
714 1888 874 1952 mixtione
896 1890 1061 1974 corrumpi
1082 1889 1292 1954 manifestum
1320 1901 1380 1955 est.
1424 1890 1519 1977 chry-

375 1986 494 2051 socolla
516 2010 536 2052 a
557 1988 750 2054 Macedonia
771 1991 874 2079 venit,
897 1990 1022 2056 foditur
1037 2000 1145 2055 autem
1161 2014 1204 2054 ex
1219 1990 1358 2055 metallis
1374 1992 1519 2055 aerariis.

374 2091 554 2152 armenium
587 2099 619 2155 et
646 2091 792 2155 indicum
819 2090 861 2156 ab
892 2093 974 2177 ipsis
1009 2092 1193 2158 ostenditur
1226 2092 1346 2178 quibus
1374 2094 1410 2156 in
1439 2092 1519 2156 locis

373 2193 528 2256 nascitur.
565 2195 739 2257 atramenti
761 2214 839 2257 vero
855 2195 1048 2279 compositio
1064 2196 1112 2257 sic
1127 2195 1189 2258 erit
1204 2191 1420 2274 observanda,
1437 2215 1520 2278 quae

325 2314 356 2361 15
374 2315 439 2357 non
468 2292 570 2356 solum
598 2293 641 2355 ad
669 2316 764 2359 usum
791 2296 939 2380 picturae
966 2296 1151 2359 necessaria
1179 2294 1312 2357 videtur
1340 2293 1519 2357 sedetiam

373 2393 416 2455 ad
438 2392 620 2457 cotidianas
650 2396 839 2482 scripturas.
884 2394 1069 2459 lacusculus
1093 2417 1193 2459 curva
1215 2416 1342 2458 camera
1365 2404 1518 2459 struatur.

373 2494 450 2558 huic
478 2493 645 2559 fornacula
672 2498 721 2560 sic
743 2498 947 2583 componitur
973 2506 1010 2560 ut
1032 2518 1126 2562 nares
1154 2498 1188 2560 in
1210 2495 1374 2562 lacusculo
1402 2497 1520 2560 habeat

374 2618 437 2681 qua
465 2596 573 2660 fumus
602 2598 707 2684 possit
734 2598 866 2661 intrare.
910 2598 1026 2662 taedae
1055 2599 1091 2661 in
1113 2597 1228 2661 eadem
1254 2597 1387 2662 fornace
1409 2599 1518 2661 incen-
1607 2641 1614 2649 ›

375 2698 503 2781 dantur,
527 2720 624 2786 super
646 2699 759 2763 taedas
782 2699 933 2764 ardentes
956 2701 1065 2765 resina
1086 2702 1245 2782 mittatur,
1268 2709 1305 2764 ut
1325 2709 1452 2765 omnem
1468 2700 1518 2764 fu·

324 2822 356 2869 20
374 2823 462 2864 mum
486 2809 518 2864 ct
540 2784 711 2886 fuliginem
732 2824 790 2889 per
812 2825 906 2867 nares
928 2804 965 2867 in
981 2801 1179 2867 lacusculum
1195 2803 1368 2891 exprimat.
1405 2811 1519 2889 postea

374 2901 546 2987 fuliginem
573 2901 747 2987 diligenter
769 2913 916 2968 conteres
941 2915 973 2969 et
994 2927 1112 2990 aquam
1134 2905 1176 2968 ad
1198 2905 1330 2969 modum
1352 2907 1464 2969 mittes
1487 2914 1519 2968 et

373 3013 591 3067 atramentum
606 3005 706 3068 facies
721 3005 873 3069 nitidum.
910 3007 1052 3093 pictores
1067 3016 1177 3070 autem
1191 3004 1354 3090 glutinum
1369 3007 1518 3086 miscent,

373 3115 410 3170 ut
437 3105 574 3176 nitidius
603 3092 676 3170 esse
704 3106 865 3172 videatur.
911 3109 970 3173 sed
996 3107 1039 3171 ad
1068 3107 1266 3171 celeritatem
1289 3107 1396 3194 operis
1420 3107 1519 3169 etiam

374 3208 543 3271 taedarum
566 3207 723 3273 carbones
747 3230 821 3272 cum
842 3207 970 3294 glutino
985 3211 1090 3274 attriti
1110 3209 1291 3296 parietibus
1306 3206 1520 3296 praestabunt

324 3330 357 3378 25
374 3311 548 3374 atramenti
571 3311 777 3393 suavitatem,
799 3333 861 3374 nec
883 3313 990 3377 minus
1013 3321 1175 3377 sarmenta
1198 3320 1314 3375 exusta
1333 3319 1366 3374 et
1380 3310 1520 3374 contrita

374 3413 545 3476 atramenti
569 3412 709 3478 colorem
731 3413 955 3478 imitabuntur.
1001 3414 1184 3479 sedimenta
1205 3434 1291 3477 uvae
1312 3413 1468 3496 nigrioris
1491 3411 1520 3474 si

374 3515 409 3575 in
432 3517 553 3599 optimo
575 3517 653 3578 vino
675 3537 782 3579 mersa
803 3517 999 3603 arserintsset
1020 3526 1134 3604 postea
1157 3523 1274 3580 exusta
1294 3513 1434 3595 fuerint,
1461 3511 1519 3576 ad·

444 3752 457 3800 1
480 3751 629 3817 inliquore:
660 3755 698 3802 sic
727 3770 760 3818 op
792 3750 955 3819 (at'saepe).
982 3750 995 3820 11
1024 3755 1174 3804 descendet
1200 3755 1286 3805 Man:
1320 3752 1463 3802 descendit
1493 3769 1519 3816 p,

375 3833 512 3885 discendit
533 3854 556 3886 o.
579 3833 591 3902 ss
620 3839 636 3887 3
659 3835 784 3885 adustum
798 3827 959 3902 —jposteaz
991 3840 1030 3887 sic
1055 3854 1097 3902 op.
1122 3834 1136 3903 11
1164 3838 1180 3884 4
1202 3836 1284 3887 solidi
1311 3837 1370 3885 auri
1394 3851 1454 3900 epo:
1477 3851 1520 3885 so·

375 3918 458 3969 lidari
474 3937 514 3984 op.
540 3917 552 3986 ΙΙ
574 3920 714 3985 pulverem
731 3938 759 3972 o:
787 3921 910 3985 pulveris
927 3938 954 3985 p.
977 3916 990 3987 ΙΙ
1017 3921 1156 3971 lavaberit
1173 3938 1200 3980 v,
1223 3920 1325 3970 laverit
1342 3937 1369 3984 p.
1392 3915 1406 3984 ss
1427 3919 1519 3969 olen·

375 4002 451 4053 teolo
477 4021 499 4052 o.
528 4000 541 4070 ΙΙ
571 4005 733 4069 comprimas
759 4022 819 4071 epo:
849 4000 972 4070 conpmis
998 4021 1025 4066 v,
1055 4004 1184 4069 cuprinis
1205 4021 1233 4068 p.
1254 3999 1267 4068 Η
1296 4003 1463 4067 iprobatio
1487 4019 1519 4068 p:

376 4088 535 4153 reprobatio
553 4106 575 4138 o.
591 4086 604 4155 ΙΙ
619 4089 713 4139 lamna
724 4107 752 4154 p,
770 4089 904 4139 laminina
924 4087 984 4153 (pro
1002 4087 1145 4151 lammina)
1158 4105 1181 4138 o.
1197 4084 1210 4153 ΙΙ
1229 4089 1245 4137 8
1264 4086 1361 4137 tandiu
1373 4094 1433 4138 ante
1450 4103 1519 4138 corr.

375 4192 397 4227 o.
422 4171 434 4239 ΙΙ
457 4174 563 4223 lamina
581 4190 623 4238 op.
646 4169 658 4239 ΙΙ
681 4174 888 4224 amburens.
910 4169 922 4240 ΙΙ
948 4176 980 4224 10
999 4173 1105 4224 colores
1192 4173 1349 4222 dinariorum
1361 4188 1418 4236 cap.
1431 4175 1521 4222 statuit

373 4276 400 4322 p.
424 4254 436 4324 ΙΙ
461 4260 491 4307 11
512 4258 643 4308 crisicula
659 4275 700 4322 op.
724 4255 736 4322 ΙΙ
761 4260 792 4309 12
805 4258 908 4309 foditur
925 4260 983 4308 ed:
1003 4258 1177 4321 fodiaturop.
1201 4252 1213 4323 ΙΙ
1236 4258 1268 4306 13
1286 4255 1436 4306 armenium
1449 4257 1519 4306 Mar·

377 4341 424 4405 (ere
445 4343 539 4406 Virri:
559 4345 703 4408 argentum
721 4359 762 4407 op.
785 4340 798 4409 11
823 4344 854 4392 16
874 4358 985 4393 camara
1002 4359 1029 4406 p.
1051 4339 1063 4408 ΙΙ
1085 4344 1116 4393 17
1135 4339 1281 4391 furnacula
1298 4358 1321 4390 o.
1344 4336 1356 4405 ΙΙ
1381 4341 1411 4389 18
1429 4339 1457 4388 in
1475 4355 1521 4390 ea·

377 4427 438 4477 dem
457 4426 515 4490 (sic)
535 4428 676 4478 fornacem
694 4444 720 4486 o,
745 4427 774 4476 in
793 4426 909 4477 eandem
927 4427 1069 4478 fornacem
1085 4443 1113 4491 p.
1138 4423 1150 4492 ΙΙ
1173 4428 1205 4476 19
1227 4425 1316 4475 risina
1333 4441 1375 4489 op.
1397 4421 1410 4490 ΙΙ
1432 4426 1465 4475 20
1483 4423 1522 4488 (et

376 4512 420 4577 21)
438 4512 581 4577 foliginem
599 4531 620 4562 v.
640 4508 653 4578 ΙΙ
676 4515 708 4562 21
727 4518 855 4563 conteres
873 4515 926 4563 ed:
949 4513 1018 4561 -ris
1035 4527 1076 4575 op.
1099 4509 1112 4576 [Ι
1133 4512 1166 4559 22
1184 4509 1302 4575 pictores
1320 4511 1373 4559 ed:
1397 4511 1521 4573 pictures

377 4613 416 4659 op.
441 4594 453 4663 ΙΙ
479 4599 511 4648 23
529 4602 559 4647 ut
577 4601 633 4651 ed:
652 4597 675 4649 dr
691 4615 733 4662 cp.
756 4593 769 4664 U
791 4599 824 4647 24
841 4596 985 4647 thederum
1003 4612 1044 4660 op.
1067 4591 1080 4660 ΙΙ
1102 4595 1135 4644 25
1149 4594 1312 4644 atramentis
1329 4611 1369 4659 op.
1393 4589 1406 4660 ΙΙ
1428 4595 1461 4643 26
1479 4607 1520 4642 se·

378 4681 499 4732 dimenta
517 4700 563 4748 epo
582 4682 691 4747 (=faex
714 4682 807 4746 Vur.):
831 4681 880 4732 sed
902 4683 1043 4731 sarmenta
1066 4696 1106 4744 op.
1129 4675 1142 4745 ΙΙ
1164 4679 1300 4744 nigriores
1320 4695 1362 4742 op.
1385 4674 1451 4744 1127
1475 4693 1520 4728 ar·

379 4765 465 4814 serint
481 4768 537 4816 Pol.
557 4767 604 4832 (es
625 4768 684 4818 Vat.
705 4767 746 4832 2):
766 4767 895 4816 arderent
911 4782 953 4831 op.

1249 4839 1317 4910 20*
