3784 5625
387 668 448 731 114
878 680 1034 730 vrrnnvn

385 845 462 900 sunt
477 836 708 899 consonantiae
723 835 809 917 fieri,
833 836 957 898 sedati
979 857 1078 921 supra
1100 836 1258 921 scriptum
1280 843 1344 916 est,
1368 833 1525 897 diatessa-

383 960 442 1001 ron
471 947 503 998 ct
531 935 684 1022 diapente
712 946 743 999 et
771 958 814 998 ex
841 936 954 999 ordine
982 936 1025 999 ad
1047 934 1259 1021 disdiapason
1281 935 1526 998 convenientiae

384 1060 426 1101 cx
447 1033 567 1101 natura
586 1039 677 1101 vocis
701 1048 916 1121 congruentes
938 1036 1060 1101 habent
1082 1036 1262 1118 finitiones,
1285 1046 1318 1098 et
1340 1036 1371 1098 ei
1393 1057 1525 1099 concen-

382 1149 434 1204 tus
450 1148 660 1225 procreantur
676 1160 718 1201 ex
740 1140 967 1202 coniunctione
989 1140 1170 1218 sonituum,
1194 1138 1250 1222 qni
1271 1157 1389 1220 graece
1417 1143 1525 1219 choy·-

349 1255 365 1302 5
382 1264 436 1322 γοι
459 1243 623 1305 dicuntur.

341 1356 364 1405 V
467 1343 519 1407 Ita
547 1365 589 1406 ex
617 1342 669 1406 his
697 1340 964 1426 indagationibus
986 1340 1225 1404 mathematicis
1246 1340 1427 1403 rationibus
1450 1339 1554 1402 fiant1

361 1527 363 1530 Ι
383 1465 462 1507 vasa
483 1466 579 1507 aerea
606 1466 665 1529 pro
686 1443 812 1507 ratione
834 1442 1070 1527 magnitudinis
1092 1441 1212 1506 theatri
1235 1463 1336 1526 eaque
1358 1442 1405 1503 ita
1427 1439 1524 1503 fabri-

383 1553 497 1619 centur
528 1554 564 1607 ut
596 1567 670 1608 cum
695 1552 888 1628 tangantur,
919 1544 1063 1607 sonitum
1090 1541 1198 1605 facere
1225 1543 1354 1628 possint
1379 1544 1466 1605 inter
1492 1562 1525 1603 se
1561 1549 1564 1553 ’

383 1645 585 1708 diatessaron
618 1644 772 1731 diapente
801 1655 898 1707 etex
924 1644 1039 1708 ordine
1069 1642 1112 1705 ad
1138 1642 1361 1729 disdiapason.
1415 1651 1525 1727 postea

333 1761 364 1807 10
383 1748 469 1809 inter
491 1746 585 1809 sedes
608 1747 727 1810 theatri
750 1747 936 1810 constitutis
960 1744 1067 1828 cellis,
1090 1745 1216 1808 ratione
1236 1746 1360 1809 musica
1382 1743 1430 1806 ibi
1453 1763 1523 1806 con-

382 1848 529 1912 locentur
543 1849 603 1928 ⁸ita
629 1849 678 1911 uti
706 1845 831 1911 nullum
856 1849 1015 1934 parietem
1043 1855 1179 1930 tangant
1208 1842 1358 1931 circaque
1385 1844 1525 1908 habeant

382 1947 489 2012 locum
522 1970 662 2013 vacuum
691 1958 723 2012 et
751 1948 793 2011 ab
821 1970 946 2013 summo
975 1950 1082 2035 capite
1110 1949 1269 2034 spatium,
1302 1955 1525 2033 ponanturque

382 2051 514 2113 inversa
529 2060 561 2115 et
582 2049 724 2113 habeant
746 2051 781 2113 in
802 2059 894 2136 parte
917 2071 1001 2135 quae
1023 2058 1149 2136 spectat
1170 2049 1213 2112 ad
1236 2070 1387 2112 scaenam
1408 2069 1521 2132 suppo-

304 2223 307 2227 ·
382 2152 461 2216 sitos
491 2173 609 2216 cuneos
637 2173 679 2213 ne
706 2152 813 2214 minus
835 2149 919 2215 altos
941 2150 1123 2237 semipede,
1152 2159 1329 2235 contraque
1351 2170 1405 2212 eas
1428 2146 1524 2211 cellas

332 2267 363 2315 15
381 2252 606 2339 relinquantur
631 2262 803 2339 aperturae
829 2252 1021 2316 inferiorum
1042 2250 1203 2335 graduum
1225 2250 1389 2317 cubilibus
1410 2248 1523 2333 longae

380 2354 480 2441 pedes
507 2353 588 2436 duo,
615 2354 701 2418 altae
729 2355 940 2440 semipedem.
997 2354 1241 2437 designationes
1268 2361 1377 2416 autem
1404 2365 1553 2431 eorum,2

381 2456 499 2541 quibus
527 2458 562 2520 in
589 2456 669 2521 locis
698 2457 951 2536 constituantur,
980 2456 1029 2517 sic
1056 2455 1272 2541 explicentur.
1323 2454 1351 2516 si
1378 2452 1526 2515 nouerit

380 2556 488 2642 ampla
520 2557 746 2641 magnitudine
772 2557 952 2637 theatrum,
982 2556 1090 2619 media
1120 2554 1304 2621 altitudinis
1337 2563 1525 2618 transversa

381 2660 470 2741 regio
497 2657 690 2741 ¹designetur
718 2668 750 2723 et
777 2660 812 2721 in
840 2680 878 2721 ea
903 2658 1061 2721 tredecim
1089 2655 1191 2720 cellae
1212 2655 1385 2721 duodecim
1406 2676 1523 2741 aequa·

330 2774 364 2822 20
381 2758 467 2822 libus
495 2758 676 2824 intervallis
700 2760 859 2824 distantes
882 2758 1162 2841 confornicentur,
1190 2759 1239 2823 uti
1262 2779 1300 2820 ea
1322 2756 1422 2821 echea
1444 2777 1524 2842 quae

381 2881 478 2944 supra
505 2861 628 2947 scripta
654 2871 730 2925 sunt
758 2864 800 2925 ad
823 2871 920 2924 neten
942 2859 1185 2948 hyperbolaeon
1206 2860 1354 2924 sonantia
1376 2861 1412 2922 in
1434 2859 1524 2923 cellis

381 2981 464 3044 quae
486 2970 562 3024 sunt
584 2963 619 3024 in
641 2962 792 3026 cornibus
816 2964 988 3045 extremis,
1017 2972 1154 3047 utraque
1175 2971 1268 3048 parte
1289 2962 1396 3046 prima
1418 2960 1523 3025 conlo-

366 3056 496 3125 centur
508 3112 517 3144 ,
552 3065 696 3127 secunda
716 3063 759 3127 ab
782 3065 936 3128 extremis
960 3064 1163 3128 diatessaron
1184 3062 1227 3126 ad
1249 3072 1347 3125 neten
1369 3063 1524 3146 diezeug-

380 3185 514 3246 menon,
550 3167 648 3230 tertia
676 3165 878 3230 diatessaron
905 3165 948 3229 ad
976 3187 1181 3253 paramesen,
1216 3174 1331 3249 quarta
1357 3163 1401 3238 ad
1427 3173 1525 3228 neten

450 3341 462 3386 1
481 3327 642 3388 diatessaron
660 3340 701 3388 Ha
720 3336 757 3402 (at
774 3355 854 3403 supra
868 3355 896 3402 p.
910 3342 972 3400 113,
991 3338 1042 3400 17).
1060 3335 1073 3404 ΙΙ
1088 3342 1104 3389 3
1123 3338 1299 3402 congruentis
1319 3337 1380 3400 (te.
1398 3341 1476 3387 -tes
1488 3338 1524 3404 L)

384 3421 435 3469 ΕΗ
453 3418 536 3487 (10).ss
553 3426 701 3472 concentus
719 3424 789 3472 doe:
809 3427 959 3472 conventus
974 3424 995 3472 Ε
1008 3420 1063 3485 (lc),
1083 3425 1216 3473 coventus
1233 3423 1265 3470 H
1281 3419 1336 3485 (L).
1353 3417 1366 3487 ΙΙ
1381 3421 1525 3487 4ρ11ωῃςί

381 3505 410 3553 H
423 3501 502 3569 (hle),
521 3507 617 3570 ptongi
631 3507 660 3557 Ε.
676 3502 688 3571 11
705 3509 719 3556 7
733 3507 774 3556 ita
784 3522 831 3559 om,
846 3506 874 3556 G.
889 3503 982 3571 (suppl.
1004 3505 1058 3570 6⁶).
1075 3503 1088 3573 Ι]
1104 3510 1120 3556 9
1133 3507 1305 3556 diatesseron
1319 3503 1405 3568 Ε(1ιίο
1414 3514 1443 3555 ut
1453 3507 1526 3569 infra

380 3605 403 3636 v.
418 3591 487 3637 23-
496 3606 525 3653 p.
539 3593 596 3648 115,
609 3588 647 3655 2).
663 3586 677 3656 ss
691 3589 823 3654 diapente
836 3606 868 3640 ex
881 3590 932 3640 ΕΗ
942 3588 982 3654 (et
991 3592 1052 3641 add.
1066 3588 1203 3655 Boudaia).
1220 3587 1233 3656 ΙΙ
1249 3594 1280 3641 13
1288 3598 1351 3656 post
1360 3594 1389 3640 et
1400 3589 1526 3640 habeant

382 3689 473 3722 errore
497 3677 564 3724 ocrrli
585 3677 621 3724 ad
640 3676 820 3738 praecedentis
842 3676 967 3724 enuntiati
987 3678 1094 3741 aequale
1116 3677 1212 3725 initium
1233 3675 1356 3726 habeant
1373 3678 1526 3726 revertentis

382 3765 532 3821 repetuntur
549 3759 626 3809 verba
643 3759 908 3810 locum—habeant
925 3762 952 3809 in
970 3762 999 3810 H
1016 3761 1085 3823 (item
1101 3763 1127 3810 in
1145 3762 1201 3819 Llc,
1219 3767 1249 3810 at
1264 3775 1315 3810 non
1336 3762 1362 3809 in
1386 3761 1419 3819 Ε,
1443 3776 1525 3826 neque

382 3848 474 3890 extant
491 3845 516 3891 in
534 3843 562 3902 h,
580 3845 656 3893 sicuti
672 3846 739 3894 linea
755 3846 878 3895 subducta
893 3846 970 3909 prior
991 3848 1061 3896 locas
1083 3862 1099 3894 a
1115 3852 1262 3895 correctore
1278 3846 1378 3894 deletur
1400 3847 1427 3894 ia
1444 3843 1494 3910 H).
1509 3840 1522 3909 Η

384 3927 415 3974 14
433 3927 552 3977 niminus
572 3929 594 3978 G
611 3925 670 3992 (sed
685 3931 741 3993 ipse
759 3923 847 3993 corn).
864 3925 876 3994 [Ι
893 3930 924 3979 15
943 3918 1102 3978 inferiordm
1119 3931 1148 3978 H
1166 3926 1271 3991 (-—rum
1288 3927 1356 3993 aa).
1378 3925 1392 3993 11
1416 3928 1522 3993 gradali

355 4019 357 4023 ’
383 4010 417 4058 G:
436 4011 568 4074 gradihus
587 4013 615 4060 H
633 4009 713 4075 (Lle).
737 4009 749 4078 ΙΙ
772 4015 803 4061 16
821 4013 887 4063 duo:
905 4016 943 4063 sic
963 4014 1020 4066 ΕΗ.
1045 4009 1057 4078 ΙΙ
1080 4014 1248 4078 semipedem
1265 4013 1335 4065 Joa:
1359 4011 1428 4062 -de
1446 4010 1522 4077 (-dq

383 4091 415 4157 Ε)
436 4096 486 4145 ΕΗ
505 4094 542 4160 (nt
559 4113 639 4160 supra
655 4115 678 4147 a.
698 4093 752 4158 14).
776 4093 787 4158 ΙΙ
811 4111 916 4146 eorum:
934 4099 973 4146 sic
992 4097 1050 4148 ΕΗ.
1074 4095 1086 4164 ΙΙ
1110 4101 1142 4149 18
1159 4098 1251 4147 media
1274 4095 1302 4160 (i.
1321 4113 1344 4147 e.
1363 4097 1466 4158 media)
1483 4095 1520 4146 al-

382 4178 522 4230 titudinis:
539 4184 577 4231 sia
597 4182 656 4231 ΕΗ,
680 4178 692 4246 ΙΙ
714 4183 747 4230 20
767 4196 801 4229 ea
819 4182 906 4231 echea
923 4183 994 4234 loc:
1014 4198 1065 4232 eae
1084 4183 1153 4232 echo
1173 4184 1223 4233 ΕΗ
1241 4180 1305 4245 (hae
1324 4180 1392 4232 echo
1410 4182 1441 4231 ch
1460 4175 1519 4246 [vfl

381 4277 435 4328 hae
453 4280 621 4332 tb0=eth0
639 4286 655 4339 J,
675 4297 708 4332 ea
727 4281 794 4331 echo
813 4279 858 4344 L).
882 4277 894 4347 ΙΙ
916 4284 948 4330 21
968 4281 1003 4331 ad
1021 4283 1123 4333 nethen
1143 4284 1165 4333 G
1181 4266 1293 4345 (-then
1312 4283 1355 4346 Gc,
1373 4287 1456 4334 -ten
1469 4280 1520 4344 hd:

383 4362 516 4414 adnetent
528 4367 558 4415 H
569 4365 714 4430 (adnotent
726 4382 740 4415 c
752 4373 778 4414 et
786 4371 847 4414 ante
858 4381 910 4415 raa.
924 4366 948 4424 h,
963 4367 1100 4418 adnecent
1110 4367 1162 4429 Ll).
1178 4363 1191 4431 [Ι
1206 4369 1335 4417 sonantia
1349 4368 1383 4419 G:
1397 4366 1520 4418 sonentia

383 4449 410 4496 H
421 4447 502 4513 (Llc).
518 4445 530 4514 ΙΙ
547 4452 580 4501 23
593 4451 628 4500 ad
640 4454 725 4501 neten
737 4448 952 4515 diezeugmenon
968 4453 1038 4502 doc:
1059 4451 1093 4501 ad
1110 4451 1213 4501 nethen
1231 4436 1346 4513 (nathan
1370 4451 1416 4511 60,
1439 4455 1519 4501 neten

381 4530 421 4592 H)
439 4533 637 4596 synhemmenu
657 4534 714 4585 ΕΗ.
738 4530 750 4599 ΙΙ
777 4537 810 4584 24
833 4535 868 4583 ad
886 4551 1051 4600 paramesen
1067 4536 1190 4585 Perrault
1211 4533 1358 4598 (Methom):
1381 4535 1518 4603 *Qnethen

382 4616 494 4693 (—then
514 4634 559 4698 G0)
579 4635 613 4684 ad
632 4650 795 4698 paramesen
814 4637 865 4685 ΕΗ
882 4637 926 4700 (L,
946 4637 1086 4687 adnethen
1104 4636 1139 4686 ad
1156 4651 1356 4717 parameneqen
1372 4606 1432 4701 lah).
1445 4633 1457 4702 ss
1473 4635 1520 4685 ad-

380 4721 464 4764 neten
482 4717 642 4767 sinhemenu
662 4719 695 4775 Ε,
719 4719 755 4768 ad
779 4720 880 4770 nethen
904 4721 949 4769 sin
966 4721 1109 4772 hemmenu
1133 4723 1160 4770 H
1184 4722 1231 4787 (L,
1250 4723 1289 4771 ris
1306 4720 1426 4771 hemena
1444 4723 1464 4784 Ι,
1482 4720 1519 4769 sis
