3784 5625
382 640 423 710 98
870 653 1028 707 viranvn

383 811 608 878 crassitudinis
627 823 730 877 sexta.
774 809 900 898 reliqua
914 835 989 898 pars
1012 820 1142 897 praeter
1164 806 1341 897 cymatium
1356 805 1526 877 dividatur

382 916 417 979 in
438 925 547 1002 partes
575 932 638 978 ΧΠ.
662 915 776 977 harum
798 915 896 978 trium
919 916 1025 999 prima
1052 935 1145 977 corsa
1166 912 1223 976 fiat
1251 935 1323 976 cum
1350 914 1525 998 astragalo,

382 1014 525 1080 secunda
547 1025 714 1101 quattuor,
742 1017 840 1079 tertia
862 1018 1021 1100 quinque,
1051 1024 1082 1078 et
1111 1035 1168 1077 eae
1194 1036 1296 1099 aeque
1318 1036 1431 1079 corsae
1454 1038 1526 1079 cum

381 1107 552 1201 astragalis
568 1117 834 1181 circumcurrant.
877 1114 1081 1201 hyperthyra
1102 1125 1212 1179 autem
1232 1115 1275 1179 ad
1298 1116 1437 1180 eundem
1459 1136 1559 1183 mo-4

347 1217 458 1282 adum
486 1228 719 1305 componantur
741 1216 1015 1304 quemadmodum
1043 1219 1078 1281 in
1106 1217 1242 1297 doricis,
1270 1239 1329 1304 pro
1351 1220 1432 1281 ratis
1455 1228 1525 1304 parss

379 1320 480 1383 tibus.
524 1341 664 1385 ancones
680 1320 751 1382 sive
772 1318 936 1406 parotides
959 1329 1117 1382 vocantur
1145 1316 1313 1404 excalptae
1341 1319 1460 1382 dextra
1488 1341 1526 1382 ac

292 1470 298 1489 .
380 1422 513 1485 sinistra
540 1420 782 1507 praependeant
811 1420 855 1483 ad
877 1421 934 1482 imi
957 1418 1123 1506 supercilii
1146 1419 1377 1495 libramentum
1398 1430 1526 1505 praeter

380 1522 504 1586 folium.
559 1522 620 1584 hae
654 1520 796 1585 habeant
822 1522 857 1584 in
885 1520 993 1586 fronte
1021 1521 1271 1584 erassitudinem
1300 1542 1342 1583 ex
1369 1530 1522 1608 antepag-

380 1624 482 1687 menti
503 1621 608 1686 tribus
631 1622 779 1709 partibus
802 1621 955 1704 duarum,
979 1623 1014 1684 in
1035 1623 1101 1685 imo
1124 1630 1238 1707 quarta
1259 1630 1352 1707 parte
1374 1620 1524 1706 gracilio-

332 1737 363 1784 10
380 1746 449 1788 rem
472 1745 568 1809 quam
583 1725 759 1810 superiora.

465 1825 566 1889 Fores
594 1828 641 1889 ita
669 1826 918 1912 compingantur
939 1825 986 1888 uti
1010 1826 1101 1911 scapi
1123 1823 1304 1887 cardinales
1328 1826 1394 1888 sint
1416 1846 1459 1888 ex
1480 1824 1524 1887 la·

381 1925 522 1991 titudine
550 1926 683 1990 luminis
710 1927 811 1990 totius
839 1943 890 1989 XII
918 1937 1020 2011 parte.
1070 1928 1155 1990 inter
1183 1925 1264 1988 duos
1293 1947 1408 2012 scapos
1441 1936 1523 2012 tym-

380 2050 465 2114 pana
498 2050 540 2091 ex
565 2046 624 2098 ,ΧΠ
656 2028 805 2115 partibus
845 2025 986 2090 habeant
1010 2036 1132 2091 ‘ternas
1172 2037 1291 2113 partes.
1346 2026 1556 2114 inpagibus5

381 2128 630 2193 distributiones
658 2131 706 2193 ita
733 2128 812 2192 fient
840 2128 890 2191 uti
917 2127 1035 2192 divisis
1057 2126 1286 2191 altitudinibus
1309 2129 1344 2191 in
1366 2138 1475 2213 partes
1503 2145 1525 2191 v

332 2242 363 2290 15
381 2228 464 2293 duae
497 2232 677 2317 superiori,
711 2239 777 2294 tres
811 2228 961 2292 inferiori
988 2229 1212 2314 designentur.
1263 2250 1361 2316 super
1381 2228 1526 2293 medium

380 2332 481 2397 medii
502 2334 638 2420 inpages
662 2330 885 2411 conlocentur,
909 2352 952 2395 ex
972 2330 1106 2416 reliquis
1128 2328 1186 2394 alii
1208 2330 1241 2392 in
1266 2353 1391 2394 summo
1412 2329 1470 2394 alii
1491 2332 1526 2393 in
1611 2339 1617 2344 ”

379 2434 444 2496 imo
460 2435 719 2520 compingantur.
763 2430 901 2494 altitudo
916 2432 1045 2517 inpagis
1061 2430 1117 2494 fiat
1134 2432 1284 2517 tympani
1304 2432 1401 2494 tertia
1422 2442 1525 2519 parte,

381 2536 560 2618 cymatium
574 2544 668 2597 sexta
690 2543 782 2619 parte
804 2533 945 2617 inpagis.
991 2552 1162 2617 scaporum
1182 2530 1373 2595 latitudines
1396 2533 1525 2618 inpagis

381 2633 518 2697 dimidia
533 2642 640 2720 parte,
663 2634 743 2696 item
757 2630 883 2718 replum
899 2631 939 2694 de
955 2634 1073 2719 inpage
1094 2631 1232 2695 dimidia
1253 2642 1284 2696 et
1308 2642 1402 2697 sexta
1424 2644 1526 2719 parte.

331 2748 364 2795 20
382 2736 473 2821 scapi
501 2735 555 2821 qiu
584 2743 660 2797 sunt
687 2732 865 2797 secundum
891 2742 1160 2820 antepagmenta,
1196 2732 1368 2797 dimidium
1396 2736 1527 2822 inpagis

383 2835 631 2899 constituantur.
675 2836 727 2897 sin
738 2831 1022 2901 autem'valvatae
1045 2844 1155 2918 erunt,
1177 2835 1366 2900 altitudines
1390 2838 1437 2900 ita
1458 2860 1525 2901 ma-

381 2935 521 3017 nebunt,
549 2936 584 2997 in
610 2933 816 2997 latitudinem
843 2935 1005 3000 adiciatur
1029 2936 1169 3024 amplius
1196 2937 1276 3002 foris
1304 2935 1453 3002 latitudo.
1498 2940 1528 3002 si

383 3036 580 3121 quadriforis
603 3034 713 3098 futura
736 3045 795 3118 est,
817 3036 956 3100 altitudo
978 3037 1149 3102 adiciatur.

466 3138 655 3222 Atticurges
682 3147 792 3203 autem
820 3137 926 3201 isdem
955 3139 1135 3203 rationibus
1163 3139 1376 3226 perficiuntur
1408 3140 1563 3226 quibust

331 3253 364 3302 25
384 3240 504 3304 dorica.
557 3249 726 3327 praeterea
763 3261 873 3304 corsae
908 3240 970 3303 suh
1009 3241 1159 3327 cymatiis
1193 3241 1229 3303 in
1265 3243 1527 3326 antepagmentis

451 3463 622 3512 ldividatur
644 3465 699 3516 ed:
727 3463 859 3514 dividitur
878 3463 936 3513 GH.
968 3458 981 3529 Η
1006 3466 1021 3513 2
1044 3464 1140 3513 harum
1162 3464 1233 3514 ,loct
1260 3465 1356 3514 horum
1377 3464 1468 3527 (Horti
1492 3465 1528 3526 G)

384 3547 442 3596 GH.
474 3543 486 3612 ΙΙ
512 3549 527 3596 3
556 3551 584 3596 et
613 3562 663 3597 eae
691 3563 778 3612 aeque
806 3564 852 3612 epo
881 3546 997 3612 (eaeque
1024 3546 1107 3613 Joc.):
1141 3564 1174 3598 ex
1202 3564 1236 3598 aa
1264 3564 1350 3613 acque
1378 3547 1452 3613 (aeq3
1481 3540 1528 3612 Hj

384 3631 442 3680 GH.
464 3625 477 3695 ll
500 3633 516 3678 4
534 3630 703 3694 hyperthyra
721 3630 791 3681 Joc.:
811 3632 927 3697 Hipetre
948 3631 969 3680 G
988 3626 1062 3697 (-ra
1076 3632 1133 3697 6⁶),
1151 3632 1271 3697 Hypdsra
1288 3633 1320 3681 H
1331 3632 1409 3697 (Llc).
1428 3629 1440 3698 ΙΙ
1465 3634 1530 3683 bin

383 3731 498 3791 doricis,
527 3746 575 3795 pro
598 3728 672 3792 'ratis
698 3732 825 3798 partibus
848 3720 945 3796 (pristis
965 3732 1068 3796 ptibus)
1088 3749 1134 3797 epo
1153 3733 1303 3799 („tanquam
1321 3736 1470 3784 varietatem
1486 3751 1528 3784 se-

382 3818 482 3881 quentis
498 3813 641 3880 protides“
660 3818 751 3867 delevit
769 3816 871 3882 Sota.):
899 3819 927 3867 in
951 3817 1051 3867 doricis
1069 3818 1155 3883 protis
1183 3817 1251 3881 (ptis
1269 3817 1310 3882 ct)
1329 3818 1446 3882 pedibus
1474 3819 1530 3887 GH

383 3897 462 3963 (La).
483 3896 496 3966 Η
517 3903 532 3950 6
551 3898 690 3965 parotides
709 3901 799 3954 Scha:
819 3902 940 3971 protidcs
961 3902 1014 3953 GH
1030 3900 1081 3965 (Le,
1105 3901 1227 3967 proditas
1244 3901 1296 3967 cli).
1321 3897 1334 3968 ΙΙ
1361 3902 1528 3969 exsculptae

382 3972 541 4050 (exculptae
563 3984 645 4049 Joc.):
675 3985 813 4051 ctscalpta
834 3987 868 4045 G,
888 3986 1019 4052 excalpta
1036 3986 1069 4034 H
1084 3984 1130 4048 (lc,
1155 3986 1286 4052 exculpta
1303 3982 1385 4053 Ιι).Η
1412 3989 1527 4037 8ante·

381 4069 521 4133 pagmenti
540 4070 610 4122 lca:
633 4071 704 4120 —tis
724 4071 777 4120 GH
797 4070 876 4135 (La).
903 4067 915 4136 Η
945 4070 1092 4121 aduncum
1117 4073 1177 4121 add.
1200 4072 1311 4121 Poteras
1334 4069 1471 4135 (partibus
1495 4073 1526 4121 in

382 4151 435 4202 imo
456 4152 527 4217 GH).
549 4147 562 4219 11
590 4153 765 4218 graciliorem
788 4157 846 4206 Pol.
871 4155 960 4216 (—res
982 4151 1064 4219 dccl:
1091 4171 1155 4204 -re
1181 4157 1241 4208 GH.
1270 4150 1284 4220 ll
1310 4156 1341 4203 12
1363 4155 1527 4221 XII.parte

279 4324 282 4331 .
385 4269 437 4319 GH
453 4270 524 4332 (XII.
544 4275 642 4335 aparte
652 4288 703 4336 pro
721 4242 784 4322 xil.
802 4275 882 4336 parte
906 4271 965 4337 leb).
990 4268 1003 4337 ΙΙ
1025 4273 1057 4322 13
1078 4271 1227 4337 inpagibus
1251 4273 1306 4322 eda
1330 4267 1528 4337 inlpaginibns

385 4353 443 4406 GH.
465 4350 478 4421 ll
500 4357 532 4404 15
550 4362 607 4406 tres
625 4356 657 4404 H
673 4354 756 4419 (Ηώς
784 4356 834 4405 ΙΙΙ.
855 4355 884 4408 (ι’.
909 4352 922 4423 Η
946 4358 978 4405 16
1002 4371 1036 4405 ex
1058 4357 1114 4411 ed:
1141 4360 1170 4406 et
1189 4356 1247 4409 GH.
1269 4350 1281 4422 ΙΙ
1306 4358 1339 4405 18
1361 4356 1527 4421 scaphornm

381 4437 413 4485 H
420 4436 476 4503 (L).
488 4433 500 4503 ΙΙ
515 4439 545 4488 19
555 4439 673 4504 replum:
687 4443 723 4488 stc
735 4439 785 4489 GH
795 4436 864 4502 (item
872 4441 944 4502 infra
950 4439 983 4499 X,
991 4443 1031 4498 11,
1037 4440 1072 4503 8).
1086 4435 1142 4506 [120
1152 4438 1300 4491 secundum
1310 4443 1527 4506 antepagmenta

383 4521 497 4571 Baldas:
517 4522 744 4572 antesecundnm
757 4520 963 4588 (-d1'rG,-dr'1
978 4524 983 4587 Ι
997 4523 1038 4587 Η)
1056 4528 1231 4588 pagmcntum
1249 4522 1326 4586 (-t1'r
1342 4524 1375 4589 (ι’)
1389 4525 1449 4574 GH.
1467 4521 1479 4590 ΙΙ
1494 4526 1528 4574 24

382 4605 542 4670 Atticurges
560 4608 631 4656 loc:
650 4606 811 4672 Attigurges
831 4609 860 4667 G,
873 4609 1040 4674 Adtigurges
1056 4609 1089 4659 H
1098 4606 1178 4672 (Lle).
1196 4605 1209 4674 l}
1223 4608 1310 4658 isdem
1321 4609 1355 4661 G:
1373 4608 1480 4658 hisdem
1497 4609 1528 4656 H
1533 4606 1536 4610 ’

383 4686 462 4752 (Ltc).
478 4684 490 4752 ll
508 4691 540 4740 25
559 4706 636 4756 corsa
651 4690 687 4739 G:
707 4706 805 4755 gorsse
818 4693 849 4739 H
860 4668 940 4757 (⁵Llc).
955 4687 969 4757 ll
985 4692 1223 4758 inantpagmentis
1240 4693 1273 4742 H
1283 4691 1319 4758 (et
1335 4700 1395 4744 ante
1406 4709 1476 4744 corr.
1490 4691 1525 4757 c).
