3784 5625
380 634 441 697 148
868 614 1026 696 virnuvn

379 802 588 866 conlocantur
616 809 710 865 extra
738 800 878 863 culinam
905 803 940 865 in
968 810 1079 886 aperto
1103 809 1215 863 contra
1236 801 1406 865 orientem.
1451 823 1524 865 cum

379 904 515 966 enimin
536 902 644 989 lrieme
665 903 742 965 anni
765 924 878 965 sereno
902 900 990 964 caelo
1012 902 1048 963 in
1070 921 1108 963 ea
1130 901 1345 966 traducrmtur
1367 904 1524 965 matutino

379 1005 492 1085 boves,
515 1004 558 1066 ad
581 1004 682 1068 solem
705 1002 859 1090 pabulum
882 1004 1047 1089 capientes
1070 1002 1152 1066 fiunt
1173 1003 1356 1067 nitidiores.
1409 1002 1524 1067 horrea

378 1105 492 1170 fenilia
519 1105 656 1168 farraria
682 1088 822 1191 pistrina
850 1113 944 1168 extra
971 1103 1083 1166 villam
1110 1103 1262 1168 facienda
1289 1103 1461 1185 videntur,
1490 1113 1526 1167 ut

345 1208 421 1272 aab
450 1208 536 1291 ignis
564 1207 709 1294 periculo
737 1208 803 1269 sint
830 1204 929 1269 villae
953 1206 1098 1269 tutiores.
1143 1207 1171 1269 si
1194 1206 1273 1292 quid
1292 1205 1469 1269 delicatius
1491 1206 1524 1268 in

359 1321 366 1400 '⁸
380 1308 468 1372 villis
485 1308 674 1372 faciundum
690 1307 805 1391 fuerit,
829 1330 870 1371 ex
886 1308 1086 1393 symmetriis
1110 1330 1191 1393 quae
1212 1308 1248 1371 in
1269 1306 1405 1372 urbanis
1429 1329 1523 1394 supra

381 1411 520 1496 scriptae
554 1419 629 1473 sunt
663 1411 838 1474 constituta
870 1410 916 1471 ita
949 1416 1116 1471 struantur
1144 1410 1193 1473 uti
1225 1410 1296 1472 sine
1322 1408 1525 1496 inpeditione

379 1512 521 1575 rusticae
543 1511 696 1574 utilitatis
719 1510 941 1574 aedificentur.
993 1512 1163 1595 omniaque
1189 1510 1340 1573 aedificia
1367 1521 1404 1574 ut
1431 1509 1555 1573 lumi-t

379 1634 460 1676 nosa
488 1613 554 1676 sint
581 1621 707 1699 oportet
730 1614 852 1693 curari,
880 1611 938 1675 sed
967 1634 1049 1697 quae
1072 1611 1212 1675 suntad
1235 1610 1348 1694 villas,
1377 1611 1525 1676 faciliora

331 1713 536 1780 invidentur
559 1736 629 1777 esse
658 1714 732 1778 ideo
755 1715 841 1799 quod
862 1714 970 1800 paries
991 1712 1111 1777 nullius
1134 1714 1236 1776 vieini
1258 1722 1366 1800 potest
1384 1713 1524 1795 obstare,

383 1816 417 1877 in
438 1815 520 1879 urbe
547 1825 655 1879 autem
676 1825 732 1880 aut
755 1816 972 1894 communium
994 1816 1156 1902 parietum
1177 1814 1369 1879 altitudines
1391 1824 1450 1879 aut
1470 1837 1523 1878 an-

381 1918 510 2001 gustiae
525 1915 587 1980 loci
609 1916 809 2002 inpediundo
824 1916 950 1980 faciunt
972 1916 1197 1981 obscuritates.
1241 1918 1351 2003 itaque
1375 1917 1417 1981 de
1440 1939 1478 1979 ea
1492 1938 1524 1980 re

382 2021 433 2081 sie
453 2019 514 2081 erit
537 2017 784 2105 experiundum.
830 2040 871 2082 ex
894 2040 958 2103 qua
979 2027 1072 2103 parte
1093 2017 1200 2081 lumen
1230 2027 1377 2105 oporteat
1400 2040 1524 2083 sumere

382 2120 468 2183 linea
495 2120 648 2183 tendatur
676 2121 717 2183 ab
747 2119 921 2213 altitudine
943 2120 1078 2206 parietis
1100 2121 1156 2206 qui
1178 2119 1309 2184 videtur
1331 2121 1464 2185 obstare
1483 2118 1524 2182 ad

332 2239 363 2288 15
382 2244 454 2284 curn
470 2221 577 2286 locum
600 2243 662 2307 quo
685 2230 832 2306 oporteat
854 2222 1035 2303 inmittere,
1059 2230 1091 2283 et
1113 2222 1141 2285 si
1163 2220 1206 2285 ab
1229 2244 1267 2285 ea
1288 2222 1376 2286 linea
1398 2224 1433 2285 in
1454 2221 1523 2284 alti-

381 2324 528 2386 tudinem
549 2346 622 2386 cum
646 2324 864 2409 prospiciatur
885 2324 1006 2409 poterit
1020 2322 1162 2408 spatium
1183 2324 1257 2409 puri
1279 2323 1362 2386 eacli
1383 2322 1524 2410 amplum
1574 2373 1580 2380 ,

382 2425 505 2505 videri,
534 2426 569 2487 in
596 2446 632 2489 eo
661 2424 731 2487 loco
760 2422 869 2487 lumen
899 2424 961 2495 erit
989 2424 1060 2486 sine
1088 2424 1299 2509 inpeditione.
1344 2426 1398 2489 sin
1418 2433 1553 2488 autema

382 2526 527 2589 officient
556 2527 665 2589 trabes
694 2548 751 2589 seu
772 2525 885 2588 limina
907 2534 964 2588 aut
977 2525 1259 2610 contignationes,
1288 2526 1330 2588 de
1353 2527 1523 2613 superiori-

381 2628 443 2691 bus
466 2627 613 2714 partibus
635 2627 800 2713 aperiatur
822 2636 853 2689 et
876 2628 923 2691 ita
944 2627 1138 2691 inmittatur.
1183 2626 1278 2691 etad
1300 2650 1460 2696 summam
1481 2628 1524 2690 ita

332 2745 365 2791 20
384 2738 433 2791 est
461 2728 708 2811 gubernandum
735 2737 771 2791 ut
794 2750 835 2791 ex
857 2728 1115 2815 quibuscumque
1137 2729 1283 2815 partibus
1307 2728 1433 2793 caelum
1454 2750 1524 2816 pro·

384 2830 466 2915 spici
482 2829 616 2914 poterit,
640 2851 699 2915 per
714 2851 767 2892 eas
783 2829 999 2894 fenestrarum
1020 2830 1092 2895 loca
1113 2830 1347 2917 relinquantur,
1371 2833 1419 2895 sic
1442 2831 1524 2894 enirn

302 2993 304 2997 .
383 2930 493 2993 lueida
527 2940 620 2994 erunt
651 2930 810 2994 aedificia.
860 2954 933 2995 eum
966 2942 1075 2997 autem
1102 2933 1136 2996 in
1163 2931 1316 2996 tricliniis
1345 2933 1524 3018 ceterisque

385 3030 592 3096 conclavibus
608 3033 770 3096 maximus
794 3042 843 3095 est
864 3056 942 3096 usus
964 3033 1139 3115 luminum,
1162 3043 1232 3096 tum
1254 3034 1352 3098 etiam
1375 3035 1410 3098 in
1432 3035 1523 3098 itine-

382 3133 473 3198 ribus
496 3134 590 3198 clivis
613 3132 726 3216 scalis,
750 3133 837 3220 quod
859 3136 892 3197 in
915 3134 966 3197 his
990 3137 1120 3221 saepius
1142 3134 1199 3198 alii
1220 3134 1294 3200 aliis
1318 3135 1451 3200 obviam
1471 3157 1522 3198 ve·

332 3251 365 3298 25
383 3236 510 3299 nientcs
533 3235 674 3299 ferentes
698 3237 841 3299 sarcinas
864 3234 970 3323 solent
991 3237 1166 3301 incurrere.

470 3336 588 3417 Quoad
615 3338 707 3423 potui
735 3337 982 3402 distributiones
1010 3360 1143 3425 operum
1165 3340 1375 3422 nostratium,
1404 3348 1441 3403 ut
1462 3339 1523 3415 sint

384 3436 645 3503 aedificatoribus
668 3461 733 3503 non
756 3439 922 3522 obscurae,
947 3439 1100 3527 explicui.
1144 3442 1350 3505 nuncetiam
1374 3439 1522 3527 quemad-

384 3539 516 3602 modum
550 3539 748 3604 Graecorum
785 3541 1075 3606 consuetudinibus
1103 3542 1254 3606 aedificia
1275 3541 1522 3623 distribuantur,

383 3640 432 3702 uti
454 3663 518 3705 non
541 3640 606 3704 sint
627 3642 750 3724 ignota,
773 3643 958 3707 summatim
981 3665 1149 3730 exponam.

452 3899 467 3944 2
485 3897 514 3944 in
531 3897 621 3946 hieme
634 3899 663 3947 H
676 3896 759 3962 (Llc):
777 3900 868 3950 hieme
889 3900 917 3951 G.
934 3896 947 3966 Η
964 3905 1044 3949 eatra
1056 3900 1184 3950 dicuntur
1195 3907 1254 3950 ante
1271 3917 1341 3952 corr.
1362 3903 1384 3952 G
1401 3900 1522 3984 (Qljm

384 3994 520 4045 ducuntur
537 3996 581 4060 L).
599 3995 611 4064 ll
627 4000 642 4047 5
661 3999 689 4047 in
701 3999 777 4049 villis
796 4001 968 4050 faciundum:
986 4003 1023 4050 εἰσ
1042 4001 1101 4058 GH.
1117 3999 1129 4066 ll
1147 4004 1161 4052 ‘1
1180 4003 1303 4066 scriptae
1317 4004 1402 4056 Man:
1422 4005 1522 4069 scripta

386 4080 445 4133 GH,
466 4076 479 4146 l]
501 4081 541 4130 uti
560 4083 591 4130 H
607 4081 691 4144 (Llclz
714 4088 744 4132 ut
764 4086 792 4135 G.
816 4081 829 4151 H
851 4088 867 4135 8
887 4085 1067 4136 aedificentur
1086 4087 1137 4135 GH
1142 4124 1148 4143 ,
1168 4085 1341 4149 (—ficientur
1358 4089 1391 4147 L,
1411 4089 1523 4138 ficantur

384 4163 427 4225 lc).
450 4161 462 4228 l}
486 4166 643 4230 omniaque:
661 4169 699 4216 εἰσ
719 4169 776 4219 GH.
798 4165 811 4235 Η
833 4171 863 4218 12
882 4170 1061 4233 inpediundo:
1088 4172 1126 4220 εἰσ
1146 4171 1205 4226 GH.
1228 4168 1240 4238 ΙΙ
1265 4174 1295 4223 13
1314 4172 1522 4238 experiundum:

383 4249 421 4295 εἰσ
441 4250 498 4298 GH.
522 4246 533 4314 ll
558 4252 590 4300 15
609 4265 661 4312 quo
684 4256 811 4316 oporteat
835 4254 869 4303 Gt
897 4257 942 4317 qui
965 4259 1092 4317 oporteat
1115 4258 1144 4305 H
1162 4254 1241 4318 (Hc).
1262 4251 1274 4321 ΙΙ
1298 4257 1330 4306 18
1353 4256 1452 4306 limina
1472 4257 1522 4305 ed:

383 4331 487 4381 lumina
506 4334 564 4386 GH.
588 4329 600 4399 ll
623 4337 656 4384 20
675 4351 721 4384 ex:
744 4338 781 4386 εἰσ
800 4337 858 4387 GH.
879 4333 891 4404 ll
916 4340 946 4387 21
971 4352 1020 4386 eas
1042 4340 1097 4390 ert:
1121 4355 1155 4389 ea
1178 4341 1236 4390 GH.
1260 4336 1273 4406 ΙΙ
1294 4343 1327 4390 23
1350 4340 1523 4391 initineribus

386 4416 419 4466 G:
439 4417 584 4474 itineribus
603 4415 660 4482 (om.
681 4419 720 4485 in)
740 4423 770 4470 H
787 4421 864 4485 (Lle).
887 4418 898 4486 ΙΙ
925 4423 959 4470 24
977 4422 1065 4472 clavis
1084 4431 1142 4472 ante
1160 4440 1228 4478 corr.
1249 4425 1278 4476 G.
1299 4420 1314 4492 ΙΙ
1337 4425 1423 4476 scalis
1441 4422 1522 4490 quod:

383 4517 420 4564 εἰσ
438 4516 496 4566 GH.
522 4513 533 4583 ΙΙ
556 4518 599 4568 his
620 4520 648 4576 G,
668 4501 695 4571 ls
712 4522 745 4570 H
761 4520 815 4584 (his
828 4521 896 4586 Llc).
921 4518 932 4588 ΙΙ
956 4523 1005 4572 elii
1024 4523 1088 4573 aliis
1102 4525 1136 4574 G:
1156 4525 1227 4575 alius
1246 4524 1348 4590 (alitus
1360 4526 1404 4591 H)
1424 4523 1523 4577 aliisH

385 4596 465 4664 (hle).
486 4598 497 4666 ΙΙ
520 4604 554 4651 26
572 4609 615 4653 ut:
633 4607 670 4654 εἰσ
690 4605 747 4660 GH.
767 4604 778 4673 Η
793 4610 826 4658 27
840 4607 1064 4658 aedificatoribus
1079 4610 1131 4658 GH
1148 4607 1190 4675 (L,
1203 4611 1356 4662 -tioribus
1367 4614 1399 4672 lc,
1412 4608 1523 4661 -tioni-

382 4682 434 4733 bus
451 4683 486 4746 l).
