3784 5625
380 689 422 753 92
870 704 1028 751 vrrsuvu
1075 704 1080 710 “

381 861 447 923 suis
470 860 622 945 metopis,
654 857 713 922 alti
739 860 835 922 unius
865 867 897 922 et
919 857 1084 921 dimidiati
1112 855 1251 941 moduli,
1279 855 1338 921 lati
1360 858 1396 921 in
1417 857 1532 923 fronto*

380 962 476 1025 unius
506 958 647 1042 moduli,
680 961 727 1023 ita
755 959 857 1024 divisi
883 969 920 1024 ut
948 961 983 1023 in
1009 957 1220 1044 angularibus
1248 958 1407 1023 columnis
1436 962 1522 1024 etin

380 1061 497 1126 mediis
523 1071 636 1125 contra
663 1071 820 1126 tetrantes
849 1060 975 1125 medios
1003 1062 1070 1125 sint
1097 1059 1273 1145 conlocati,
1303 1070 1335 1125 et
1362 1062 1396 1124 in
1424 1062 1520 1125 inter-

381 1163 551 1229 columniis
573 1151 715 1250 'reliquis
743 1163 831 1245 bini,
853 1163 894 1250 ⁴in
922 1162 1042 1226 mediis
1070 1184 1191 1249 pronao
1220 1163 1405 1249 etpostico
1428 1165 1521 1252 terni.

347 1268 427 1331 cita
455 1266 612 1329 relaxatis
639 1264 757 1329 mediis
786 1263 984 1345 intervallis,
1017 1264 1088 1327 sine
1121 1263 1380 1351 inpeditionibus
1414 1264 1521 1329 aditus

379 1366 611 1431 accedentibus
640 1368 702 1431 erit
728 1366 771 1429 ad
799 1365 934 1431 deorum
960 1364 1144 1430 simulacra.
1187 1364 1430 1453 triglyphorum
1451 1365 1553 1431 lati-5

381 1468 459 1534 tudo
487 1468 656 1532 dividatur
682 1470 716 1531 in
744 1478 853 1554 partes
881 1490 956 1549 sex,
986 1468 1168 1554 exquibus
1191 1468 1334 1554 quinque
1357 1477 1467 1554 partes
1489 1469 1523 1531 in

382 1569 504 1651 medio,
528 1569 612 1633 duae
633 1568 789 1633 dimidiae
810 1568 928 1634 dextra
949 1590 988 1632 ac
1010 1570 1143 1634 sinistra
1165 1568 1379 1653 designentur
1401 1570 1521 1655 regula.

380 1695 445 1736 una
466 1674 501 1736 in
522 1670 630 1735 medio
653 1672 853 1736 deformetur
875 1671 996 1753 femur,
1020 1672 1107 1758 quod
1125 1692 1242 1756 graece
1267 1694 1373 1755 μηρος
1395 1670 1521 1736 dicitur.

333 1792 364 1840 lo
381 1774 559 1838 secundum
587 1795 657 1836 eam
686 1771 857 1837 canaliculi
884 1772 927 1836 ad
954 1795 1086 1838 normae
1115 1795 1269 1837 cacumen
1295 1773 1520 1861 inprimantur.

381 1898 424 1940 ex
445 1876 559 1941 ordine
581 1897 691 1940 eorum
713 1874 830 1939 dextra
851 1897 889 1938 ao
911 1874 1045 1940 sinistra
1065 1874 1168 1939 altera
1187 1876 1310 1940 femina
1325 1877 1521 1940 constituan-

380 1989 444 2043 tur.
481 1979 516 2041 in
538 1979 693 2042 extremis
715 1977 863 2063 partibus
886 1976 1141 2042 semicanaliculi
1162 1978 1430 2043 intervertantur.
1466 1977 1521 2042 tri·

380 2079 513 2167 glyphis
540 2081 588 2143 ita
618 2078 809 2160 conlocatio,
837 2089 987 2166 metopae
1015 2101 1098 2165 quae
1124 2088 1200 2144 sunt
1227 2080 1313 2144 inter
1339 2077 1520 2166 triglyphos

380 2203 483 2268 aeque
503 2181 588 2245 altae
611 2182 677 2245 sint
699 2203 795 2267 quam
816 2179 943 2266 longae,
967 2182 1045 2245 item
1060 2182 1094 2245 in
1114 2182 1269 2246 extremis
1283 2180 1413 2267 angulis
1429 2181 1520 2244 serni·

332 2305 363 2352 15
380 2286 523 2373 metopia
551 2285 617 2348 sint
644 2285 792 2371 inpressa
819 2281 957 2347 dimidia
985 2282 1109 2347 moduli
1135 2281 1318 2347 latitudine.
1362 2284 1411 2347 ita
1439 2284 1521 2347 enirn

382 2389 444 2452 erit
470 2395 506 2463 ut
534 2372 643 2452 omnia
670 2386 752 2450 vitia
785 2395 817 2451 et
844 2395 1047 2473 metoparum
1079 2393 1111 2448 et
1143 2384 1466 2449 intercolumniorum
1492 2392 1522 2447 et

374 2489 635 2578 lacunariorum,
664 2489 751 2575 quod
772 2486 928 2575 aequales·
947 2487 1128 2552 divisiones
1150 2487 1257 2551 factae
1279 2495 1390 2569 erunt,
1419 2508 1520 2550 emen·

381 2591 508 2654 dentur.
553 2589 714 2677 triglyphi
736 2589 879 2676 capitula
900 2597 995 2653 sexta
1017 2597 1110 2676 parte
1131 2588 1255 2655 moduli
1268 2598 1346 2654 sunt
1359 2587 1551 2660 faciundae

381 2715 480 2780 supra
507 2691 747 2779 triglyphorum
776 2691 918 2778 capitula
946 2713 1065 2756 corona
1092 2700 1142 2755 est
1168 2689 1368 2757 conlocanda
1395 2691 1430 2755 in
1452 2714 1522 2779 pro-

331 2815 364 2863 20
381 2795 506 2859 iectura
528 2791 683 2857 dimidiae
706 2802 738 2859 et
760 2804 873 2858 sextae
896 2795 999 2881 partis
1021 2793 1145 2859 habens
1174 2794 1351 2882 cymatium
1378 2793 1523 2859 doricum

381 2897 416 2960 in
439 2898 515 2979 imo,
537 2895 675 2960 alterum
697 2897 732 2959 in
753 2919 888 2961 summo.
931 2898 1011 2962 item
1028 2918 1101 2961 cum
1116 2897 1268 2984 cymatiis
1283 2917 1403 2962 corona
1417 2919 1524 2961 crassa

382 3072 610 3080 ——-—-——-—

451 3173 564 3222 lunius
587 3177 615 3223 et
636 3172 773 3248 dimidiati
794 3174 865 3225 Jocss:
896 3173 977 3222 unius
996 3171 1131 3221 dimidiati
1156 3171 1214 3222 611.
1242 3167 1254 3236 ΙΙ
1282 3174 1298 3221 3
1321 3173 1351 3220 in
1374 3174 1468 3222 addidi
1489 3169 1523 3231 (dt

381 3256 618 3323 iultercolumniis
637 3257 707 3320 GH).
729 3253 741 3324 ΙΙ
762 3260 779 3307 4
797 3257 856 3306 bini
873 3258 945 3308 toa:
970 3258 1043 3306 binis
1062 3258 1120 3306 611.
1149 3252 1161 3322 ΙΙ
1188 3256 1342 3306 hlatitudo
1361 3257 1434 3308 Joe.:
1464 3255 1525 3306 alti-

381 3339 446 3392 tudo
466 3343 525 3393 GH.
549 3339 561 3408 ll
584 3345 599 3392 t
619 3340 760 3413 (quinque)
780 3342 963 3407 paneadae:
982 3342 1106 3406 partibus
1127 3341 1186 3395 611.
1209 3338 1222 3407 ΙΙ
1244 3341 1366 3391 9femor
1383 3348 1444 3390 ante
1457 3357 1525 3391 corr.

381 3445 418 3495 H.
442 3440 454 3509 ll
482 3459 582 3508 graece
600 3459 688 3509 μηρος
710 3444 782 3493 loe:
810 3459 893 3507 grece
920 3458 982 3492 eros
1008 3444 1042 3502 6,
1067 3426 1188 3521 graecis
1207 3457 1267 3492 eros
1285 3443 1321 3492 H.
1345 3439 1358 3508 ΙΙ
1382 3444 1412 3491 11
1433 3457 1525 3493 eorum

381 3547 453 3595 loca
474 3560 566 3594 earum
586 3546 644 3594 611.
667 3541 679 3610 ll
703 3548 734 3595 13
752 3543 974 3609 intertrigliphos
994 3546 1031 3608 (tr
1047 3547 1074 3595 in
1085 3544 1151 3610 ras.)
1166 3544 1199 3596 G:
1218 3544 1411 3610 interglyphos
1423 3544 1457 3593 H
1465 3540 1524 3608 (let,

381 3622 608 3694 intertriglyphos
627 3630 663 3687 L,
687 3630 759 3708 inter¹
781 3629 935 3694 trigluphos
957 3628 1006 3695 11²).
1032 3625 1045 3696 ΙΙ
1074 3632 1105 3679 14
1127 3629 1319 3694 semimetopia
1341 3630 1415 3682 Joc.:
1447 3629 1525 3678 semi·

381 3731 520 3795 memphis
533 3728 769 3811 (semivmemphia
788 3732 832 3794 6⁶)
852 3733 910 3783 611.
929 3732 941 3799 ΙΙ
959 3735 989 3783 18
1002 3733 1135 3783 faciunda
1149 3733 1202 3784 611
1218 3729 1292 3797 (Lea,
1311 3719 1435 3781 fsclmds
1455 3731 1497 3792 10).
1511 3725 1522 3792 Η

381 3836 414 3884 20
432 3832 563 3882 dimidiae
582 3837 705 3899 etsexta
723 3833 812 3899 partis
824 3834 860 3882 L:
884 3834 1017 3884 dimidiae
1036 3831 1181 3898 (dimediae
1198 3849 1225 3892 c,
1250 3831 1326 3898 -dio
1344 3831 1364 3897 1)
1383 3835 1413 3881 et
1431 3836 1523 3881 sextae

382 3918 472 3980 (sexte
490 3935 513 3975 e,
532 3933 580 3968 sex
597 3917 615 3981 l)
638 3923 717 3983 parte
740 3919 772 3967 H
786 3917 846 3982 (lc),
870 3918 981 3985 dimidie
1007 3922 1035 3969 et
1057 3923 1137 3969 sexta
1152 3916 1157 3983 Ι
1172 3923 1251 3983 purte
1276 3918 1306 3968 6.
1327 3913 1340 3984 ΙΙ
1360 3913 1483 3980 20(-93,
1497 3913 1522 3986 2)

381 4004 488 4055 habens
501 4045 507 4057 .
518 4043 525 4056 .
536 4043 543 4056 .
556 4002 791 4069 perpendiculum:
811 4005 873 4054 iaec
890 4006 979 4054 eadem
995 4003 1074 4053 verba
1090 4010 1118 4054 ut
1134 4005 1161 4054 in
1185 4002 1238 4053 GH
1253 4004 1290 4052 ita
1312 4004 1338 4052 ia
1355 4002 1468 4052 omrdbus
1485 4016 1523 4050 eo-

381 4088 477 4139 dicibus
494 4095 646 4154 repetuntur
663 4088 734 4152 infra
749 4105 778 4153 p.
796 4091 845 4146 93,
863 4090 896 4136 17
912 4087 981 4137 inter
997 4088 1075 4138 verba
1092 4090 1121 4138 in
1145 4086 1272 4136 mediano
1290 4090 1315 4136 et
1333 4089 1430 4137 contra
1449 4085 1524 4136 testi·

382 4174 464 4238 gium,
483 4176 533 4224 nisi
549 4176 619 4240 quod
634 4189 719 4224 vocem
735 4171 840 4222 moduli
857 4189 931 4237 quarn
948 4172 1023 4222 habet
1037 4174 1065 4230 6,
1080 4190 1134 4223 eam
1145 4173 1236 4224 omittit
1246 4173 1279 4221 H
1288 4170 1368 4236 (hic),
1386 4176 1445 4221 item
1456 4178 1523 4221 reete

381 4259 497 4322 prolttt,
511 4259 537 4320 1)
556 4259 722 4309 columnata
736 4257 786 4307 611
798 4263 856 4306 tunc
866 4256 987 4307 scribitur
1005 4273 1116 4313 corona.
1140 4259 1214 4308 eiecit
1231 4257 1380 4307 Larentzen
1396 4256 1450 4310 obs.
1468 4256 1524 4306 erit.

381 4360 407 4407 p.
428 4348 452 4393 7.
475 4360 539 4409 quae
560 4345 680 4408 repetitio
698 4344 758 4392 inde
780 4347 842 4391 nata
864 4348 904 4391 est
925 4343 994 4407 quod
1014 4345 1100 4393 oculus
1120 4342 1258 4393 scribean
1278 4343 1315 4392 ad
1335 4343 1417 4406 ipsum
1431 4342 1524 4391 mitian

382 4431 435 4478 eius
453 4445 525 4494 ᾳιιαιιι
542 4430 615 4479 modo
632 4430 808 4492 descripserat
818 4428 929 4490 popinae
946 4435 1078 4478 revertens
1095 4430 1160 4478 idem
1171 4428 1219 4478 hoc
1235 4429 1346 4477 eiusdem
1354 4429 1468 4492 papissae
1480 4426 1524 4474 ini·

381 4514 441 4562 tium
452 4512 623 4577 disponeret:
649 4504 802 4561 interiacent
823 4514 887 4561 enim
907 4513 976 4562 inter
993 4513 1066 4562 initia
1083 4514 1133 4562 loci
1153 4512 1193 4562 bis
1208 4513 1300 4576 scripti
1316 4526 1406 4561 verses
1422 4512 1525 4561 circiter
1569 4530 1570 4535 ¹

384 4599 421 4646 18
437 4598 509 4648 huius
531 4598 572 4648 ed.
594 4599 633 4646 vel
655 4598 751 4647 codicis
773 4597 883 4648 Gudiani
905 4599 953 4659 31,
976 4599 1020 4662 qui
1040 4614 1156 4648 numnis
1177 4603 1286 4662 spattmn
1308 4599 1399 4662 explet
1413 4597 1524 4661 papissae

382 4683 456 4730 unio
476 4685 530 4732 eius
552 4683 648 4732 codicis
664 4697 699 4731 ea
716 4696 765 4747 quo
787 4688 813 4730 et
833 4682 854 4732 6
871 4688 896 4731 et
914 4682 946 4734 H
963 4682 1079 4747 profecti
1099 4691 1168 4743 sunt,
1190 4686 1245 4733 seit.
1267 4683 1294 4732 ia
1315 4697 1366 4747 quo
1382 4682 1465 4746 priam
1485 4679 1524 4743 so·

382 4766 472 4816 tiorum
493 4767 593 4830 septimi
613 4764 673 4816 libri
694 4768 799 4817 duorum
820 4768 886 4818 ordo
907 4782 1045 4818 remersus
1059 4768 1119 4832 suit.
