3784 5625
652 653 699 699 nu
725 644 992 701 nnonrracrnnn
1016 655 1085 700 nir.
1111 656 1141 698 v.
1403 638 1463 701 109

324 825 451 867 orarum
484 805 519 866 in
552 804 647 868 tertio
680 803 764 870 libro
796 815 845 868 est
878 807 1045 891 scriptum.
1101 807 1233 890 insuper
1254 804 1465 868 fundamenta
1546 875 1551 883 ⁶

323 904 462 992 lapideis
492 914 523 968 ct
555 906 744 968 marmoreis
778 907 879 992 copiis
913 906 1122 989 gradationes
1150 907 1191 971 ab
1224 905 1464 971 substructione

288 1006 395 1070 tfieri
423 1005 554 1069 debent.
605 1006 861 1092 praecinctiones
889 1008 931 1070 ad
960 1007 1151 1073 altitudines
1178 1008 1379 1072 theatrorum
1406 1029 1464 1093 pro

321 1117 393 1170 rata
420 1116 512 1193 parte
540 1105 708 1170 faciendae
737 1107 906 1189 videntur,
936 1131 1041 1194 neque
1067 1108 1198 1174 altiores
1227 1130 1322 1195 quam
1345 1118 1465 1194 quanta

323 1209 574 1297 praecinctionis
602 1208 729 1271 itineris
758 1209 801 1272 sit
823 1207 972 1275 latitudo.
1018 1212 1046 1273 si
1068 1211 1152 1273 enim
1177 1208 1373 1273 excelsiores
1396 1208 1499 1272 fue-5

321 1310 400 1390 rint,
422 1307 580 1395 repellent
596 1319 627 1372 et
648 1310 799 1372 eiciente
822 1311 987 1396 superiore
1009 1321 1101 1399 parte
1123 1332 1236 1375 vocem
1258 1332 1319 1373 nec
1340 1311 1464 1395 patien-

323 1410 426 1474 turin
449 1408 581 1474 sedibus
605 1411 754 1491 summis,
779 1433 861 1496 quae
884 1421 960 1475 sunt
982 1435 1080 1498 supra
1102 1412 1369 1498 praecinctiones,
1392 1433 1465 1475 ver-

323 1512 440 1575 borum
469 1508 562 1575 casus
592 1520 680 1575 certa
703 1511 941 1596 significatione
963 1513 1006 1576 ad
1027 1535 1121 1577 aures
1144 1514 1326 1600 pervenire.
1371 1521 1403 1576 et
1424 1512 1467 1576 ad

323 1634 482 1677 summam
510 1613 556 1682 ita
585 1622 634 1676 est
660 1612 909 1697 gubernandum
931 1615 981 1677 uti
1002 1613 1089 1677 linea
1111 1635 1184 1677 cum
1204 1612 1247 1676 ad
1269 1616 1370 1677 imum
1390 1635 1462 1697 gra-

324 1712 402 1777 dum
436 1722 469 1776 et
495 1712 538 1775 ad
565 1736 726 1777 summum
754 1724 886 1778 extenta
915 1714 1030 1798 fuerit,
1066 1715 1174 1779 omnia
1201 1715 1369 1779 cacumina
1390 1736 1462 1798 gra·
1486 1732 1517 1779 ro

288 1813 424 1881 eduum
451 1813 653 1900 angulosque
682 1823 805 1899 tangat.
853 1816 900 1879 ita
928 1838 996 1880 vox
1022 1840 1088 1882 non
1114 1816 1308 1901 inpedietur.
1356 1814 1465 1879 aditus

324 1914 505 2003 complures
522 1926 554 1979 et
576 1918 736 2003 spatiosos
759 1926 886 2002 oportet
908 1917 1096 2005 disponere,
1119 1939 1180 1981 nec
1203 1918 1391 1983 coniunctos
1413 1939 1465 1980 su-

322 2018 468 2104 periores
490 2016 699 2081 inferioribus
727 2015 786 2080 sed
814 2040 856 2081 ex
883 2019 1032 2084 omnibus
1060 2018 1138 2084 locis
1165 2029 1340 2106 perpetuos
1363 2028 1396 2081 et
1412 2016 1466 2092 ,di-

322 2127 429 2183 rectos
452 2118 523 2181 sinc
544 2119 723 2182 inversuris
746 2117 941 2201 faciendos,
958 2122 1007 2184 uti
1030 2143 1101 2186 oum
1123 2119 1261 2206 populus
1284 2120 1467 2183 dimittatur

325 2218 366 2284 de
389 2216 603 2306 spectaculis,
626 2241 667 2282 ne
691 2221 936 2306 comprimatur,
961 2222 1020 2285 sed
1042 2220 1160 2284 habeat
1183 2243 1225 2283 ex
1247 2220 1396 2285 omnibus
1418 2219 1464 2283 lo-
1486 2239 1518 2287 15

325 2321 372 2385 cis
395 2322 506 2385 exitus
528 2331 693 2407 separa-tos
717 2322 788 2385 sine
810 2320 1021 2407 inpeditione.

410 2422 523 2486 Etiam
539 2420 713 2506 diligenter
736 2433 785 2486 est
807 2423 1133 2486 animadvertendum
1155 2444 1196 2484 ne
1219 2423 1261 2486 sit
1284 2421 1373 2486 locus
1397 2444 1465 2484 sur-

326 2523 404 2606 dus,
435 2522 491 2587 sed
519 2533 556 2587 ut
583 2525 618 2588 in
641 2546 677 2587 eo
700 2545 767 2587 vox
789 2546 885 2609 quam
908 2525 1089 2588 clarissime
1113 2524 1227 2606 vagari
1249 2524 1363 2609 possit.
1407 2522 1468 2586 hoc

326 2646 405 2688 vero
420 2623 492 2688 fieri
506 2626 553 2688 ita
574 2626 703 2711 poterit,
727 2625 755 2686 si
777 2623 865 2690 locus
889 2623 1010 2689 electus
1033 2624 1133 2689 fuerit
1153 2623 1210 2687 ubi
1232 2647 1298 2689 non
1320 2623 1468 2710 inpedia-

294 2735 380 2796 otur
398 2727 603 2791 resonantia.
653 2747 720 2789 vox
748 2735 859 2790 autem
891 2737 941 2790 est
964 2726 1096 2815 spiritus
1118 2724 1221 2789 fluens
1249 2727 1350 2808 aeris,
1379 2734 1469 2789 tactu
1486 2743 1518 2790 ao

328 2826 496 2892 sensibilis
525 2829 650 2892 auditu.
706 2849 744 2890 ea
776 2835 925 2892 movetur
959 2826 1153 2892 circulorum
1183 2827 1467 2917 rotundationibus

327 2928 482 3010 infinitis,
510 2931 561 2992 uti
588 2931 616 2994 si
643 2930 678 2992 in
706 2938 847 2993 stantem
868 2951 986 3015 aquam
1008 2923 1119 3015 lapide
1139 2929 1272 2994 inmisso
1294 2938 1469 3001 nascantur

327 3028 583 3095 innumerabiles
598 3028 760 3095 undarum
783 3029 896 3094 circuli
918 3040 1112 3112 crescentes,
1128 3026 1155 3094 ¹a
1178 3040 1288 3094 centro
1311 3052 1408 3115 quam
1422 3028 1467 3093 la-

328 3132 454 3195 tissime
480 3132 608 3218 possint
636 3141 831 3215 evagantes,
861 3132 926 3195 nisi
953 3131 1108 3215 angustia
1129 3129 1193 3195 loci
1213 3113 1470 3218 interpellaveiit

328 3242 385 3297 aut
417 3231 528 3318 aliqua
555 3232 690 3297 offensio
724 3254 807 3318 quae
835 3255 899 3296 non
931 3233 1056 3318 patitur
1088 3231 1331 3316 designationes
1359 3254 1470 3295 earum
1487 3247 1520 3294 10

328 3333 489 3397 undarum
523 3333 566 3396 ad
599 3335 719 3397 exitus.
741 3335 921 3419 pervenire.
977 3334 1087 3419 itaque
1119 3355 1192 3396 cum
1224 3331 1498 3421 interpellentur·

329 3433 579 3517 offensionibus,
611 3437 736 3522 primae
760 3435 981 3499 redundantes
1010 3436 1252 3521 insequentium
1284 3434 1471 3498 disturbant
1501 3429 1507 3439 ’

398 3692 653 3759 opraeeiuctionis
683 3693 733 3742 ΕΗ
755 3691 815 3756 (Le,
844 3709 926 3743 -nes
950 3691 1026 3758 Lot).
1053 3690 1065 3758 Ι)
1094 3695 1109 3742 6
1133 3668 1230 3762 erfrent
1249 3694 1405 3759 eruperiore
1425 3690 1470 3754 (ex

330 3779 472 3843 superiore
484 3777 518 3844 L)
532 3782 610 3843 parte
623 3777 644 3827 Ε
656 3777 716 3842 (L):
736 3778 880 3828 eicientem
894 3779 1061 3842 superiorem
1073 3783 1180 3847 partem
1199 3777 1269 3842 (-ἒ)
1282 3778 1311 3826 Η
1328 3775 1363 3841 (10
1374 3787 1400 3827 et
1412 3784 1470 3826 ante

329 3893 400 3930 corr.
423 3879 452 3937 It,
478 3878 580 3928 eicient
602 3879 630 3927 in
653 3864 821 3943 superiorem
843 3883 950 3944 partem
973 3877 1020 3944 t0).
1050 3874 1063 3946 (Ι
1088 3859 1235 3939 7))001100
1260 3877 1303 3931 Gc.
1324 3874 1336 3942 (Ι
1359 3877 1470 3926 summis

329 3963 402 4015 Joc.=
421 3961 479 4012 suia
499 3962 557 4014 ΕΗ.
581 3959 593 4030 Ι)
616 3979 687 4027 quae
706 3968 769 4012 sunt
787 3979 870 4028 supra
889 3962 954 4026 (que
972 3965 986 4012 s
1003 3977 1086 4025 supra
1103 3962 1153 4022 L):
1173 3962 1225 4024 que
1242 3960 1305 4024 (que
1326 3960 1370 4022 (1'0)
1389 3975 1470 4024 supra

332 4046 361 4108 Ε,
381 4060 453 4111 quae
472 4059 557 4110 supra
574 4049 603 4096 H
621 4046 675 4109 (10).
699 4043 711 4111 Ι)
735 4049 767 4097 10
790 4047 964 4097 camcumina
981 4047 1011 4095 H
1029 4045 1095 4109 (ipae
1113 4046 1203 4105 0000.)
1228 4041 1240 4108 (Ι
1270 4047 1301 4092 12
1325 4042 1470 4108 conplures

332 4147 386 4196 ΕΗ
402 4143 447 4210 (L,
467 4145 622 4212 cumplures
640 4150 670 4206 10,
690 4149 725 4197 cu
743 4146 835 4220 plures
853 4147 888 4210 1).
911 4142 923 4211 Ι)
947 4134 1087 4211 spatiosis
1108 4144 1150 4194 Εσ.
1174 4139 1186 4208 (Ι
1213 4145 1244 4191 13
1263 4142 1386 4191 derectos
1404 4142 1459 4208 Η.)

332 4248 364 4296 14
387 4246 448 4296 sine
470 4246 579 4297 liz-siue
599 4249 650 4297 GH
668 4245 747 4310 (Llc).
767 4241 780 4311 Ι)
801 4247 961 4312 demittatur
978 4249 1046 4295 00100
1066 4244 1108 4294 Εθ.
1123 4239 1136 4307 1(
1157 4243 1189 4290 16
1207 4228 1265 4302 arde
1285 4241 1470 4306 G(ipsecorr.,

330 4362 382 4397 non
401 4344 458 4411 60).
481 4341 494 4412 ss
517 4349 549 4398 17
567 4333 663 4418 sindus
683 4348 725 4400 Ge.
748 4342 760 4412 ))
784 4349 815 4396 19
834 4347 1001 4411 impediatur
1012 4347 1066 4395 ert:
1086 4342 1263 4407 inpedientur
1276 4344 1326 4393 GH
1338 4343 1412 4406 (L'clr,
1429 4346 1470 4394 in-

330 4431 518 4496 pediebautur
532 4429 562 4495 1).
588 4427 600 4497 ))
628 4434 661 4483 20
687 4437 729 4482 est
756 4432 808 4481 eu:
836 4436 867 4478 ut
890 4429 947 4480 GH.
970 4424 984 4494 (Ι
1014 4433 1093 4477 10010
1120 4443 1178 4491 epo:
1209 4432 1303 4477 etactu
1326 4428 1360 4484 Ε,
1382 4427 1472 4479 &actu

332 4514 399 4578 (cum
420 4513 444 4564 81
463 4530 514 4578 pro
537 4519 549 4564 t
569 4514 731 4580 menapios)
755 4516 784 4564 H
806 4512 844 4576 (c,
871 4511 893 4562 dt
916 4517 982 4562 actu
1005 4514 1033 4572 t,
1060 4516 1145 4562 tactu
1167 4516 1176 4561 1
1199 4509 1239 4577 [et
1266 4517 1330 4563 actu
1355 4510 1410 4576 vf]‚
1439 4529 1472 4563 ex

332 4601 392 4649 ictu
414 4597 463 4658 L).
491 4594 503 4666 (Ι
529 4599 563 4648 at
586 4604 738 4664 evagantes
761 4598 836 4649 8010.
866 4595 980 4661 (17000.)
1013 4595 1171 4662 &vagantes
1195 4598 1246 4646 GH
1268 4596 1305 4663 (c,
1329 4595 1472 4664 &vagan-

331 4688 375 4734 tes
394 4683 455 4747 11).
680 4701 683 4707 ·
