3784 5625
384 650 445 720 110
468 695 472 699 ,
766 746 769 752 ι
870 664 1027 719 trrsnvn

383 823 636 909 designationes.
692 823 806 888 eadem
840 826 966 888 ratione
999 847 1067 889 vox
1093 826 1140 887 ita
1166 818 1208 886 ad
1236 819 1394 886 circinum
1423 818 1559 893 affictis

381 927 556 1006 motiones,
581 926 638 989 sed
654 926 689 987 in
703 947 788 1011 aqua
804 924 918 989 circuli
933 924 1069 1012 planitie
1091 928 1126 988 in
1147 924 1320 990 latitudine
1341 935 1525 1007 moventur,

383 1048 450 1090 vox
483 1037 515 1090 et
547 1028 585 1089 in
616 1024 788 1090 latitudine
821 1026 1030 1113 progreditur
1062 1036 1093 1089 et
1125 1024 1332 1090 altitudinem
1364 1026 1527 1110 gradatim

381 1128 519 1195 scandit.
570 1129 671 1211 igitur
698 1137 735 1191 ut
762 1129 798 1191 in
825 1150 910 1214 aqua
936 1127 1097 1191 undarum
1120 1127 1420 1212 designationibus,
1448 1129 1526 1191 item

347 1231 415 1292 tin
448 1251 529 1293 voce
564 1225 637 1293 cum
670 1228 804 1292 offensio
827 1227 916 1291 nulla
943 1230 1082 1314 primam
1108 1228 1230 1291 undam
1258 1228 1526 1314 interpellaverit,

380 1353 448 1394 non
482 1329 645 1393 disturbat
673 1329 848 1393 secundam
876 1352 937 1393 nec
964 1332 1189 1415 insequentes,
1225 1329 1283 1392 sed
1312 1351 1424 1394 omnes
1457 1330 1527 1393 sine

380 1432 568 1495 resonantia
601 1432 796 1517 perveniunt
828 1431 871 1494 ad
898 1433 1036 1495 imorum
1065 1441 1096 1495 et
1125 1430 1168 1494 ad
1194 1452 1394 1494 summorum
1421 1452 1527 1494 aures.

281 1599 285 1607 ,
381 1555 458 1617 ergo
487 1542 615 1595 veteres
643 1531 815 1596 architecti
837 1541 973 1596 naturae
994 1534 1137 1617 vestigia
1159 1533 1322 1617 persecuti
1343 1531 1562 1615 indagatio-28

381 1633 478 1697 nibus
507 1633 597 1697 vocis
626 1634 812 1698 scandentis
843 1634 1042 1697 theatrorum
1070 1633 1278 1720 perfecerunt
1306 1632 1527 1717 gradationes,

332 1748 363 1796 10
382 1744 413 1797 et
443 1735 652 1819 quaesierunt
679 1756 738 1820 per
766 1737 955 1799 canonicam
982 1735 1284 1799 mathematicorum
1312 1744 1344 1797 ct
1371 1736 1529 1798 musicam

380 1837 539 1899 rationem
555 1845 589 1899 ut
612 1838 833 1921 quaecumque
849 1858 916 1901 vox
938 1845 1024 1899 esset
1046 1837 1080 1898 in
1103 1857 1236 1925 scaena,
1261 1833 1379 1898 clarior
1400 1845 1433 1898 et
1455 1858 1527 1899 sua-

382 1939 453 2001 vior
486 1935 529 2000 ad
563 1946 781 2023 spectatorum
814 1938 1000 2023 perveniret
1034 1960 1141 2001 aures.
1198 1937 1248 2000 uti
1286 1936 1373 2000 enim
1406 1958 1530 2020 organa

381 2039 490 2101 aeneis
517 2035 679 2101 lamminis
709 2047 766 2101 aut
789 2040 915 2103 corneis
938 2061 1063 2121 ηχειοις
1084 2038 1127 2101 ad
1150 2036 1343 2101 chordarum
1365 2038 1530 2102 sonituum

382 2137 562 2202 claritatem
594 2139 824 2225 perficiuntur,
859 2143 908 2203 εἰσ
935 2139 1137 2203 theatrorum
1164 2160 1222 2225 per
1250 2138 1460 2227 harmonicen
1485 2140 1530 2201 ad

332 2254 363 2302 15
380 2239 564 2325 aagendam
579 2261 694 2305 vocem
709 2242 975 2305 ratiocinationes
990 2240 1033 2304 ab
1055 2242 1198 2326 antiquis
1221 2248 1298 2303 sunt
1320 2241 1529 2304 constitutae.

331 2355 370 2404 IV
467 2335 665 2407 Harmonice
682 2353 791 2407 autem
808 2353 857 2406 est
871 2344 997 2406 musica
1019 2340 1203 2405 litteratura
1226 2341 1365 2405 obscura
1387 2350 1420 2405 et
1442 2341 1529 2405 diffi-
1548 2363 1566 2426 1ι

382 2442 466 2526 σίΙίε,
490 2444 633 2507 maxime
649 2444 781 2528 quidem
796 2443 913 2529 quibus
930 2444 1077 2507 Graecae
1092 2441 1220 2507 litterae
1235 2464 1300 2507 non
1322 2452 1400 2507 sunt
1421 2453 1529 2507 notae.

383 2567 481 2629 quam
509 2546 538 2607 si
560 2543 712 2609 volumus
736 2544 917 2632 explicare,
946 2530 1080 2607 necesse
1102 2554 1151 2607 est
1174 2545 1274 2607 ctiam
1295 2542 1434 2607 Graecis
1456 2565 1528 2607 ver-

380 2648 433 2712 bis
463 2647 528 2727 uti,
561 2644 648 2730 quod
674 2645 830 2711 nonnulla
851 2668 970 2711 eorum
991 2646 1128 2709 Latinas
1155 2667 1221 2709 non
1242 2644 1364 2708 habent
1385 2645 1529 2734 appella-

331 2761 364 2808 20
382 2749 499 2810 tiones.
550 2748 662 2831 itaque
697 2756 734 2810 ut
761 2757 873 2834 potero
902 2761 1000 2835 quam
1032 2748 1237 2835 apertissime
1265 2768 1307 2809 ex
1334 2747 1530 2811 Aristoxeni

382 2848 553 2933 scripturis
577 2849 820 2934 interpretabor
848 2860 879 2912 et
902 2851 973 2913 eius
996 2849 1199 2934 diagramma
1226 2848 1434 2914 subscribam
1455 2849 1529 2913 fini-

381 2951 551 3033 tionesque
574 2950 741 3012 sonituum
764 2948 961 3034 designabo,
986 2952 1034 3014 uti
1057 2952 1114 3036 qui
1136 2949 1328 3033 diligentius
1350 2950 1529 3014 attenderit

381 3048 511 3145 facilius
527 3051 694 3135 percipere
709 3052 824 3136 possit.
869 3073 936 3115 vox
960 3053 1047 3115 enim
1068 3052 1304 3115 mutationibus
1328 3073 1403 3114 cum
1425 3051 1559 3119 flecti-‘r

380 3161 435 3215 tur
462 3149 544 3216 alias
577 3151 614 3214 fit
641 3162 737 3215 acuta
759 3151 840 3216 alias
862 3154 990 3237 gravis,
1022 3154 1215 3238 duobusque
1236 3151 1342 3215 modis
1365 3163 1526 3235 movetur,

330 3268 399 3317 ‘zoe
432 3254 552 3340 quibus
585 3276 669 3317 unus
704 3254 837 3318 effectus
869 3254 970 3318 habet
1002 3255 1207 3318 continuatos
1239 3251 1323 3316 alter
1356 3253 1525 3319 distantes.

449 3513 465 3561 2
484 3506 688 3575 sedlininaqua
705 3513 734 3560 H
752 3510 812 3575 (sed
831 3512 935 3575 inaqua
956 3511 1058 3575 scale).
1094 3513 1141 3562 sed
1158 3509 1381 3576 inaquaecircnli
1395 3511 1425 3562 G.
1442 3509 1456 3579 ΙΙ
1474 3529 1524 3563 mo·

381 3600 481 3645 ventur
498 3597 527 3645 H
546 3594 642 3659 (0ch
660 3601 783 3646 movetur
803 3597 824 3645 G
843 3594 895 3659 (lc).
918 3592 931 3661 ΙΙ
954 3600 970 3646 3
988 3594 1011 3644 dr
1028 3595 1216 3646 altitudinem:
1235 3596 1273 3645 εἰσ
1292 3593 1358 3647 GH.
1377 3593 1389 3662 ΙΙ
1411 3599 1428 3646 4
1447 3598 1523 3646 item:

380 3682 418 3730 εἰσ
428 3677 476 3742 (ite
487 3680 519 3742 G)
532 3681 581 3730 GH
591 3678 634 3743 (lc,
643 3680 684 3730 ita
695 3681 737 3743 60,
749 3682 790 3731 ita
801 3685 829 3730 et
839 3681 883 3744 L).
900 3677 912 3746 ll
930 3684 1052 3730 tuorem
1061 3681 1097 3729 H.
1110 3677 1122 3746 ΙΙ
1134 3683 1149 3730 6
1161 3682 1283 3732 secunda
1293 3681 1415 3748 a(1,u·):
1430 3695 1524 3732 secun·

381 3765 443 3814 dum
456 3766 485 3814 H
503 3763 574 3828 (leh).
597 3760 611 3830 ll
633 3764 800 3829 8pe'rsecuti
815 3766 865 3815 GH
881 3762 949 3828 (Llc,
967 3765 1107 3829 prosecuti
1128 3766 1182 3831 6⁶).
1208 3763 1220 3833 [Ι
1242 3771 1346 3823 9vocis
1364 3766 1523 3819 scandentis

383 3850 432 3899 Hc:
450 3864 534 3899 voces
553 3849 722 3900 scandentes
739 3850 789 3898 GH
808 3847 849 3913 (lc,
867 3850 945 3900 vocis
958 3850 1122 3900 scandentes
1133 3851 1179 3913 L).
1200 3848 1212 3918 ΙΙ
1235 3855 1266 3904 10
1279 3856 1472 3919 quaesierunt:
1489 3852 1524 3901 sic

382 3935 441 3985 GH.
470 3930 482 4002 ll
513 3938 544 3986 13
567 3935 663 3984 aeneis
685 3935 763 3984 aaa:
784 3933 917 3984 lnacncis
942 3935 1000 3983 GH.
1030 3931 1042 4000 ΙΙ
1069 3935 1219 3986 lamminis:
1251 3940 1289 3988 sic
1317 3939 1368 3989 GH
1396 3928 1492 4000 (blek).
1511 3933 1522 3998 ll

381 4021 489 4070 corneis
507 4035 616 4086 ηχειοις
636 4020 698 4071 Lor.
717 4014 817 4080 (echeis
835 4017 939 4082 solus:
973 4019 1079 4068 corneis
1096 4019 1175 4070 haeae
1197 4021 1237 4070 εἰσ
1257 4023 1278 4072 θ
1295 4029 1320 4072 et
1339 4021 1440 4086 (haeae
1456 4019 1461 4085 Ι
1475 4017 1523 4082 εἰσ)

380 4112 438 4153 ante
450 4118 504 4152 ras.
517 4103 546 4151 H
559 4098 677 4164 (corneis
689 4139 695 4152 .
705 4101 804 4159 h{eae
820 4099 825 4166 Ι
840 4102 879 4150 εἰσ
892 4103 941 4166 Hc,
962 4104 1086 4155 corneis.
1100 4103 1152 4154 hae
1171 4105 1210 4154 sic
1222 4107 1269 4164 Le,
1289 4107 1398 4157 corneis
1411 4143 1419 4156 .
1432 4103 1524 4170 helsic

380 4188 404 4250 l,
425 4187 532 4236 corneis
549 4186 603 4235 hae
622 4186 662 4235 sic
681 4186 710 4248 l).
734 4181 746 4250 ΙΙ
771 4184 913 4237 cordarum
933 4186 993 4235 GH.
1018 4183 1030 4253 {l
1053 4188 1189 4238 sonituum
1200 4188 1271 4239 doc:
1290 4192 1382 4241 sonitu
1397 4191 1448 4240 GH
1465 4185 1523 4251 (Lu,

381 4275 472 4319 -tum
484 4287 505 4327 r,
519 4275 583 4319 —tu
595 4269 624 4334 l).
636 4266 648 4336 ΙΙ
661 4270 693 4318 14
701 4268 879 4319 harmonicen
892 4270 921 4318 H
933 4267 979 4332 (c),
991 4273 1148 4321 armonicen
1161 4272 1270 4336 Galle).
1287 4272 1300 4340 ΙΙ
1313 4276 1345 4324 16
1356 4273 1525 4324 Harmonica

381 4370 457 4424 S'rlrn.
470 4370 547 4434 (—cc
558 4371 655 4437 Mar.):
668 4370 823 4420 Harmonia
835 4371 885 4419 GH
892 4370 1172 4437 (elahrmoniaalts).
1185 4369 1197 4438 ΙΙ
1209 4376 1241 4424 17
1250 4357 1318 4440 nite
1339 4376 1381 4427 Gc.
1394 4371 1406 4443 ΙΙ
1419 4377 1451 4424 19
1462 4387 1525 4424 non·

381 4455 475 4504 nullae
494 4454 595 4517 (inulle
617 4458 645 4515 G,
663 4455 725 4519 -le
745 4454 792 4519 Ge)
812 4455 870 4504 GH.
894 4451 905 4520 ll
927 4455 1030 4506 latinas
1050 4458 1101 4506 GH
1125 4457 1217 4520 (chlz,
1235 4457 1322 4524 latine
1341 4463 1362 4521 1,
1384 4459 1523 4508 latineans

381 4542 419 4588 sic
438 4547 497 4589 ante
514 4556 567 4589 raa.
587 4539 620 4602 σ).
645 4537 657 4607 ll
680 4542 713 4589 20
731 4544 826 4604 potero
845 4541 899 4589 ed.:
923 4546 1037 4604 potuero
1058 4542 1116 4590 GH.
1139 4537 1151 4606 ΙΙ
1175 4542 1261 4592 aristo
1279 4542 1359 4592 xenis
1379 4543 1409 4605 G,
1429 4544 1524 4591 aristo·

381 4624 501 4672 xenisH
514 4622 592 4686 (Llc).
617 4621 629 4688 ΙΙ
657 4625 689 4673 21
709 4624 872 4688 diagragma
893 4628 963 4674 solus
983 4625 1013 4678 G.
1035 4621 1048 4690 ll
1071 4627 1104 4674 24
1126 4624 1157 4674 fit
1178 4626 1236 4675 cet:
1262 4624 1312 4676 fiat
1336 4627 1387 4677 GH
1411 4624 1489 4691 (Leo).
1510 4621 1521 4689 l!

381 4707 414 4755 25
426 4707 555 4758 distantis
573 4708 609 4757 H.
