3784 5625
696 664 743 718 nn
766 667 1032 719 laceratorum
1054 669 1123 719 mn.
1147 670 1184 719 11.
1465 657 1508 723 45

367 824 402 887 in
425 823 504 889 locis
527 824 633 908 tectis,
658 824 819 889 sustinent
841 824 995 909 laborem,
1020 827 1048 889 si
1069 836 1178 913 autem
1200 828 1234 890 in
1255 828 1376 913 apertis
1399 838 1431 892 et
1453 852 1508 915 pa·

369 926 531 1009 tentibus,
554 925 717 1011 gelicidiis
742 938 773 991 et
795 928 911 1013 pruina
934 937 1088 1011 congesta
1110 928 1249 992 friantur
1271 941 1303 992 et
1325 928 1508 994 dissolvun-

365 1037 429 1091 tur.
459 1029 538 1091 item
554 1028 732 1091 seeundum
754 1050 843 1093 oram
865 1030 1062 1092 maritimam
1084 1028 1126 1092 ab
1149 1029 1312 1113 salsugine
1334 1052 1432 1094 exesa
1447 1032 1509 1094 dif-

366 1129 471 1193 fluunt
485 1151 591 1217 neque
606 1130 775 1216 perferunt
796 1139 916 1193 aestus.
962 1130 1136 1194 Tiburtina
1157 1154 1235 1196 vero
1251 1142 1283 1195 et
1298 1153 1381 1218 quae
1397 1132 1510 1195 eodem

366 1253 485 1314 genere
517 1240 593 1294 sunt
626 1232 735 1295 omnia
757 1231 914 1294 sufferunt
942 1242 974 1295 et
1001 1230 1044 1295 ab
1066 1232 1219 1297 oneribus
1242 1243 1274 1296 et
1295 1255 1315 1295 a
1337 1243 1509 1318 tempesta·
1528 1245 1555 1303 5„

366 1332 454 1396 tibus
483 1334 636 1415 iniurias,
667 1331 725 1396 sed
753 1333 795 1397 ab
825 1334 896 1417 igni
917 1355 983 1407 non
1005 1343 1141 1418 possunt
1164 1354 1235 1398 esse
1257 1323 1328 1397 tufa
1350 1333 1511 1420 simulque

366 1444 442 1497 sunt
469 1432 512 1497 ab
539 1456 577 1498 eo
604 1442 692 1501 tacta
715 1433 882 1498 dissiliunt
910 1444 942 1497 et
970 1433 1173 1520 dissipantur
1179 1483 1188 1515 ,
1218 1435 1292 1499 ideo
1320 1433 1407 1520 quod
1429 1444 1509 1498 tem-

365 1544 517 1619 peratura
547 1534 689 1599 naturali
723 1558 825 1622 parvo
858 1546 933 1600 sunt
967 1557 1079 1600 umore
1104 1538 1248 1621 itemque
1280 1558 1346 1600 non
1372 1534 1510 1599 multum
1595 1610 1598 1617 Ι

364 1635 487 1700 habent
515 1638 635 1700 terreni
663 1637 722 1699 sed
749 1639 833 1700 aeris
856 1636 1033 1723 plurimum
1056 1648 1088 1701 et
1110 1640 1207 1722 ignis.
1257 1639 1360 1722 igitur
1381 1658 1455 1701 cum
1478 1645 1510 1701 et

364 1760 458 1801 umor
473 1748 505 1802 et
519 1748 685 1803 terrenum
707 1740 742 1801 in
763 1740 814 1802 his
836 1740 944 1803 minus
967 1741 1063 1820 inest,
1086 1749 1157 1803 tum
1179 1740 1277 1803 etiam
1299 1741 1397 1824 ignis,
1419 1748 1510 1803 tactu
1529 1751 1560 1799 10

366 1848 398 1902 et
425 1842 461 1903 vi
481 1842 613 1926 vaporis
637 1862 679 1905 ex
701 1841 729 1904 is
751 1862 826 1903 aere
847 1840 978 1925 fugato,
1006 1841 1137 1927 penitus
1159 1841 1333 1927 insequens
1357 1850 1389 1904 et
1410 1842 1508 1903 inter·

365 1942 534 2006 veniorum
565 1943 746 2007 vacuitates
768 1963 929 2029 occupans
953 1942 1108 2007 fervescit
1130 1952 1162 2006 et
1184 1941 1286 2006 efficit
1309 1965 1347 2006 ca
1369 1944 1436 2006 suis
1458 1964 1509 2004 ar-

330 2041 477 2107 edentia
505 2043 694 2130 corporibus
722 2043 852 2107 similia.
903 2053 978 2109 sunt
1001 2066 1079 2107 vero
1101 2046 1181 2108 item
1203 2043 1401 2131 lapidicinae
1423 2066 1508 2108 com·

365 2142 474 2229 plures
503 2145 537 2207 in
564 2144 683 2209 finibus
707 2146 1010 2231 Tarquiniensium,
1040 2168 1123 2232 quae
1145 2147 1296 2210 dicuntur
1317 2146 1508 2227 Anicianae,

365 2244 470 2309 colore
487 2246 758 2331 quemadmodum
773 2246 938 2331 Albanae,
963 2269 1097 2333 quarum
1113 2248 1263 2312 officinae
1278 2250 1419 2311 maxime
1435 2255 1510 2310 sunt
1528 2260 1559 2307 15

365 2348 451 2411 circa
465 2345 570 2411 lacum
586 2348 845 2431 Volsiniensem,
869 2352 948 2413 item
964 2349 1168 2434 praefectura
1184 2348 1395 2413 Statoniensi.
1428 2347 1509 2409 haec

363 2458 472 2511 autem
494 2448 615 2514 habent
636 2449 779 2514 infinitas
802 2452 953 2514 virtutes.
995 2472 1101 2536 neque
1124 2450 1210 2512 enim
1232 2451 1260 2514 is
1282 2447 1508 2533 gelicidiorum

363 2559 540 2636 tempestas
554 2541 667 2637 neque
689 2553 775 2635 ignis
798 2561 904 2616 tactus
926 2561 1036 2639 potest
1057 2572 1188 2633 nocere,
1217 2550 1276 2615 sed
1299 2560 1374 2614 sunt
1395 2548 1508 2611 firmae

364 2662 396 2715 et
429 2651 471 2714 ad
502 2662 696 2717 vetustatem
730 2653 803 2718 ideo
836 2663 1062 2741 permanentes
1090 2653 1177 2739 quod
1205 2674 1319 2739 parum
1347 2651 1508 2715 habente

363 2763 499 2818 naturae
531 2756 690 2821 mixtione
722 2758 807 2821 aeris
841 2767 872 2821 ct
900 2758 987 2843 ignis
999 2805 1008 2839 ,
1041 2756 1164 2820 umoris
1192 2766 1300 2820 autem
1328 2763 1508 2841 temperate
1525 2766 1558 2815 20

364 2855 603 2944 plurimumque
630 2860 762 2921 terreni.
812 2860 858 2922 ita
887 2861 1000 2945 spissis
1029 2857 1325 2946 comparationibus
1348 2856 1507 2921 solidatae

362 2979 468 3044 neque
483 2959 525 3022 ab
540 2960 790 3045 tempestatibus
812 2984 917 3048 neque
939 2962 982 3025 ab
1004 2962 1090 3046 ignis
1113 2960 1319 3024 vehementia
1339 2969 1505 3023 nocentur,

327 3060 398 3122 4id
431 3071 540 3123 autem
571 3061 714 3125 maxime
747 3062 891 3126 iudicare
919 3063 996 3126 licet
1027 3085 1044 3125 e
1076 3051 1292 3150 monumentis
1321 3082 1403 3147 quae
1431 3069 1507 3124 sunt

364 3162 450 3225 circa
479 3164 692 3248 municipium
714 3163 848 3228 Ferenti
877 3187 918 3229 ex
940 3165 991 3228 his
1016 3165 1103 3227 facta
1125 3162 1322 3249 lapidicinis.
1366 3183 1505 3246 namque

433 3458 446 3503 1
466 3457 604 3505 sustinent
625 3456 696 3506 Jee:
725 3457 882 3506 sustineant
902 3456 961 3509 GH.
984 3452 996 3522 Η
1019 3459 1034 3506 2
1054 3461 1199 3520 congesta:
1218 3458 1256 3505 sic
1275 3455 1326 3504 GH
1343 3451 1421 3517 (tet,
1442 3451 1505 3504 c'on-

363 3540 437 3588 iesta
455 3537 485 3605 l).
509 3536 522 3605 Η
544 3540 663 3589 friantur
680 3548 740 3589 ante
762 3557 830 3590 corr.
854 3541 895 3588 H:
920 3540 1056 3589 fricantur
1076 3526 1139 3589 GH⁶
1163 3539 1241 3605 (Llc).
1261 3537 1274 3606 Η
1297 3542 1406 3589 3oram
1424 3540 1505 3588 mari·

363 3626 460 3672 timam
480 3623 532 3687 (f):
552 3639 601 3673 ora
619 3626 757 3674 maritima
777 3625 827 3674 GH
846 3625 939 3687 (Llclt).
964 3621 977 3689 Η
1004 3639 1087 3674 exesa
1105 3627 1146 3676 cd.
1164 3626 1203 3673 Fr.
1223 3621 1298 3688 (Vct.
1318 3627 1343 3672 2.
1362 3627 1385 3676 6,
1405 3624 1444 3672 Ft.
1463 3625 1503 3683 2):

364 3725 450 3758 exea
470 3709 528 3759 GH.
550 3705 562 3774 Η
585 3708 752 3773 dsimulque
770 3715 801 3758 ut
820 3713 884 3759 sunt
902 3709 935 3760 L.
961 3705 973 3774 Η
999 3710 1013 3758 7
1033 3713 1110 3757 tacta
1128 3710 1156 3757 H
1174 3707 1243 3771 (Ll):
1268 3712 1345 3758 tecta
1370 3708 1391 3758 G
1414 3706 1474 3772 (cll).
1491 3700 1503 3771 Η

363 3792 514 3842 dissiluunt
531 3800 591 3842 onte
609 3811 663 3843 ras.
684 3795 712 3843 G.
737 3790 748 3859 Η
777 3792 968 3858 9plurimum:
991 3793 1107 3856 primum
1130 3799 1189 3841 ante
1210 3808 1280 3842 corr.
1299 3793 1336 3845 H.
1359 3788 1371 3857 Η
1400 3793 1431 3841 10
1450 3797 1505 3840 ter-

362 3892 458 3926 renum
477 3880 532 3926 ed:
553 3893 636 3927 —nus
656 3879 714 3930 GH.
739 3875 751 3944 Η
776 3880 805 3927 11
824 3879 862 3926 is:
885 3877 928 3926 his
949 3877 1006 3926 GH.
1031 3873 1043 3942 Η
1070 3877 1217 3940 insequens
1241 3882 1269 3924 et
1290 3876 1504 3925 interveniorum

364 3962 435 4013 Joc:
455 3962 484 4010 in
503 3977 620 4026 sequens
639 3959 862 4022 interlvenarum
882 3961 932 4010 GH
952 3960 1088 4026 (uterque).
1116 3958 1128 4025 Η
1158 3963 1188 4008 12
1208 3976 1242 4010 ea
1260 3963 1317 4009 suis
1334 3960 1403 4009 doe:
1427 3959 1503 4007 esuis

365 4046 424 4098 GH.
453 4042 465 4111 Η
495 4049 527 4095 14
549 4047 777 4110 torquiniensium
802 4048 831 4098 G.
861 4042 873 4111 Η
901 4048 933 4094 15
961 4061 1073 4108 quarum
1098 4047 1139 4096 ed.
1167 4044 1244 4093 Vera:
1273 4057 1386 4108 quorum
1410 4042 1467 4090 GH.
1490 4037 1501 4104 Η
1580 4055 1582 4059 ·

365 4132 397 4179 16
426 4130 489 4179 locu
525 4139 585 4181 ante
611 4147 679 4183 corr.
709 4130 737 4180 G.
765 4127 777 4196 Η
804 4130 1002 4180 vulsiniensem
1035 4131 1092 4179 GH.
1120 4124 1131 4194 Η
1159 4127 1325 4178 statoniensi
1351 4128 1391 4176 ed.
1423 4125 1503 4173 Vera:

362 4216 478 4264 -nensi
502 4216 562 4266 GH.
592 4213 604 4282 Η
631 4216 717 4265 haec:
743 4217 781 4264 sic
808 4214 871 4281 (hqc
890 4217 923 4279 G)
949 4216 1007 4264 GH.
1036 4211 1048 4280 Η
1077 4216 1106 4263 17
1131 4214 1168 4262 is:
1196 4212 1238 4261 his
1259 4211 1317 4261 GH.
1342 4206 1354 4276 Η
1382 4210 1413 4258 18
1431 4210 1503 4274 ignis

363 4304 455 4348 tactus
475 4300 503 4347 H
521 4296 606 4362 (Llc):
626 4304 718 4350 tactus
731 4300 804 4364 ignis
824 4301 852 4349 G.
874 4296 886 4365 Η
908 4299 1007 4349 18-22
1026 4299 1073 4348 sed
1088 4296 1256 4347 suntfirmac
1343 4310 1504 4359 permanen-

362 4388 405 4432 tes
492 4383 597 4434 habent
684 4384 820 4434 solidatae
904 4384 1120 4434 nocentnrJoc.:
1140 4382 1190 4431 secl
1208 4385 1251 4431 est
1269 4380 1339 4444 (cG)
1357 4378 1435 4429 firma

362 4483 528 4531 permanens
548 4509 553 4520 .
570 4506 596 4520 ..
616 4469 701 4517 habet
786 4468 905 4518 solidata
993 4472 1105 4517 nocetur
1129 4467 1187 4518 GH.
1211 4462 1222 4530 Η
1250 4467 1281 4514 21
1302 4464 1504 4530 cooperationi·

360 4553 426 4601 bus:
462 4554 500 4600 cic
531 4553 582 4601 GH
613 4550 658 4616 (cs.
689 4570 712 4602 c.
739 4558 767 4616 9,
792 4558 815 4606 5.
841 4557 864 4602 6.
893 4552 933 4618 9);
972 4550 1209 4616 compactionibus
1240 4553 1281 4605 ed.
1305 4552 1346 4604 Ft.
1372 4547 1385 4616 Η
1411 4552 1444 4599 22
1467 4551 1502 4600 ab

364 4636 415 4685 GH
433 4637 528 4697 (Llcc0,
548 4651 564 4686 a
583 4644 643 4686 ante
661 4653 728 4686 corr.
748 4655 785 4702 c.,
809 4639 844 4688 ad
862 4644 921 4688 ante
939 4652 1008 4687 corr.
1028 4635 1056 4701 l).
1083 4632 1095 4702 Η
1122 4637 1155 4685 24
1173 4636 1288 4685 Ferenti
1310 4636 1394 4687 Man:
1415 4635 1504 4687 feren·

362 4722 399 4768 tis
420 4720 478 4772 GH.
