3784 5625
386 666 447 730 156
879 680 1036 727 vrrnuvn

383 833 608 921 vituperandi,
639 834 759 919 quique
786 856 850 897 non
877 834 1018 920 propriis
1049 832 1302 917 cogitationibus
1331 833 1527 919 scriptorum

383 938 545 1017 nituntur,
579 936 637 999 sed
670 935 792 1000 invidis
826 935 971 1000 moribus
1002 935 1109 998 aliena
1141 919 1301 999 violantes
1333 933 1525 1019 gloriantur,

384 1062 449 1103 non
475 1037 572 1103 modo
600 1046 675 1102 sunt
701 1036 977 1123 reprehendendi,
1006 1035 1063 1100 sed
1091 1037 1188 1100 etiam
1217 1038 1294 1121 quia
1316 1038 1417 1124 impio
1440 1059 1529 1100 more

384 1140 548 1223 vixerunt,
571 1162 676 1226 poena
698 1138 944 1203 condemnandi.
981 1159 1040 1201 nec
1062 1148 1170 1201 tamen
1192 1137 1272 1201 haec
1293 1126 1345 1201 res
1368 1161 1434 1203 non
1456 1140 1524 1202 vin-

350 1255 365 1303 5
384 1242 510 1307 dicatae
525 1242 684 1306 curiosius
707 1241 749 1305 ab
771 1242 914 1327 antiquis
938 1262 1010 1304 esse
1031 1248 1262 1304 memorantur.
1299 1263 1436 1326 quorum
1459 1242 1524 1303 exi·

381 1354 434 1409 tus
461 1343 656 1408 iudiciorum
683 1344 738 1429 qui
765 1342 904 1423 fuerint,
933 1364 999 1406 non
1021 1350 1070 1406 est
1092 1340 1234 1404 alienum
1257 1341 1525 1429 quemadmodum

383 1449 447 1511 sint
461 1445 556 1510 nobis
571 1443 685 1508 traditi
698 1443 872 1529 explicare.
906 1465 1000 1528 reges
1023 1442 1160 1508 Attalici
1182 1443 1309 1527 magnis
1331 1442 1525 1529 philologiae
1540 1456 1555 1503 4

382 1546 610 1612 dulcedinibus
625 1545 752 1609 inducti
773 1532 847 1609 eum
869 1547 1035 1630 egregiam
1057 1544 1289 1609 bibliothecam
1310 1546 1465 1629 Pergami
1485 1544 1525 1607 ad
1587 1608 1594 1614 ,

382 1670 584 1713 communem
600 1647 849 1711 delectationem
870 1648 1105 1731 instituissent,
1129 1656 1207 1711 tunc
1228 1648 1307 1711 item
1321 1646 1524 1712 Ptolomaeus

334 1766 364 1811 10
382 1750 509 1815 infinito
544 1748 616 1813 zelo
650 1748 904 1835 cupiditatisque
931 1750 1085 1813 incitatus
1115 1748 1223 1813 studio
1251 1770 1317 1813 non
1343 1748 1521 1813 minoribus

381 1851 552 1916 industriis
579 1851 622 1913 ad
651 1850 789 1914 eundem
810 1850 943 1915 modum
966 1851 1177 1915 contenderat
1197 1848 1420 1914 Alexandriae
1442 1872 1523 1915 com-

382 1976 506 2042 parare.
552 1975 625 2015 cum
646 1962 754 2016 autem
777 1975 902 2016 summa
924 1952 1096 2037 diligentia
1118 1951 1326 2039 perfecisset,
1349 1973 1415 2015 non
1436 1961 1525 2039 puta-

384 2058 432 2120 vit
464 2054 498 2117 id
532 2056 612 2118 satis
636 2076 707 2117 esse
734 2055 799 2117 nisi
826 2054 1115 2140 propagationibus
1144 2045 1370 2118 inseminando
1398 2063 1524 2117 curaret

382 2155 574 2242 augendam.
602 2156 713 2241 itaque
722 2155 831 2237 ¹Musis
849 2165 880 2219 et
895 2155 1044 2241 Apollini
1058 2155 1153 2220 ludos
1169 2154 1337 2219 dedicavit
1360 2164 1392 2218 et
1416 2177 1523 2240 quem-

334 2271 364 2319 15
382 2257 558 2323 admodum
584 2256 779 2321 athletarum
806 2258 854 2321 sie
882 2259 1104 2355 communium
1129 2258 1323 2344 scriptorum
1345 2256 1524 2321 victoribus

382 2361 526 2446 praemia
554 2367 585 2433 et
612 2358 751 2424 honores
779 2362 958 2424 constituit.
1014 2359 1065 2422 his
1093 2360 1140 2422 ita
1167 2359 1327 2423 institutis
1356 2380 1431 2422 cum
1457 2356 1554 2421 ludis
1576 2445 1579 2449 Ι

383 2462 554 2544 adessent,
588 2461 712 2535 iudices
735 2460 872 2525 litterati
900 2462 956 2549 qui
978 2483 1032 2526 eos
1059 2460 1236 2547 probarent
1264 2469 1357 2524 erant
1383 2460 1523 2544 legendi.

382 2586 442 2627 rex
474 2585 547 2626 cum
578 2564 643 2626 iam
677 2585 737 2625 sex
770 2564 914 2627 civitatis
948 2561 1049 2628 lectos
1083 2561 1252 2626 habuisset
1278 2583 1339 2625 nec
1365 2571 1434 2624 tam
1462 2562 1523 2625 cito

383 2673 567 2751 septumum
604 2664 758 2728 idoneum
784 2665 966 2746 inveniret,
1004 2664 1116 2729 retulit
1157 2664 1200 2728 ad
1240 2685 1294 2728 eos
1336 2664 1393 2748 qui
1430 2684 1524 2748 supra

223 2809 229 2823 .
332 2779 364 2829 20
381 2765 615 2832 bibliothecam
630 2766 761 2831 fuerunt
776 2775 807 2831 et
828 2766 967 2854 quaesiit
989 2767 1018 2831 si
1040 2787 1136 2853 quem
1157 2767 1325 2830 novissent
1346 2765 1388 2829 ad
1411 2764 1447 2829 id
1469 2784 1523 2828 ex-

382 2867 540 2956 peditum.
585 2878 663 2931 tunc
686 2869 716 2930 ei
737 2869 892 2934 dixerunt
915 2891 986 2933 esse
1008 2857 1170 2955 quendam
1191 2867 1447 2954 Aristophanen,
1470 2867 1524 2952 qui

384 2991 508 3034 summo
538 2967 645 3033 studio
673 2992 861 3060 summaque
889 2970 1060 3056 diligentia
1081 2971 1202 3036 cotidie
1224 2991 1335 3034 omnes
1357 2968 1461 3034 libros
1484 2959 1524 3032 err

383 3071 496 3136 ordine
528 3071 720 3157 perlegeret.
776 3075 886 3158 itaque
914 3082 1076 3137 conventu
1103 3072 1254 3136 ludorum
1282 3094 1355 3135 oum
1382 3079 1525 3135 secretae

383 3173 475 3237 sedes
498 3172 662 3238 iudicibus
686 3184 794 3240 essent
815 3172 1010 3238 distributae
1016 3223 1026 3256 ,
1055 3197 1126 3239 oum
1150 3174 1266 3238 ceteris
1288 3173 1524 3260 Aristophanes

332 3289 365 3338 25
383 3277 501 3340 citatus
517 3275 789 3364 quemadmodum
803 3276 910 3339 fuerat
924 3275 1014 3340 loeus
1031 3278 1061 3340 ei
1083 3276 1272 3360 designatus
1294 3275 1391 3340 sedit.
1421 3277 1555 3362 primos

383 3387 550 3463 poetarum
582 3377 696 3442 ordine
729 3378 769 3441 ad
804 3379 1016 3443 certationem
1047 3379 1182 3443 inducto
1210 3399 1283 3443 cum
1309 3379 1525 3442 recitarentur

453 3637 466 3682 1
485 3633 648 3698 scriptorum
667 3633 803 3684 nituntur:
822 3637 859 3685 sic
879 3637 937 3685 GH.
956 3631 999 3701 113
1018 3637 1085 3700 quia
1097 3637 1151 3686 ert:
1172 3636 1217 3700 qui
1237 3635 1295 3684 6Η.
1317 3631 1330 3700 ΙΙ
1351 3636 1369 3684 4
1386 3634 1469 3685 haee:
1488 3636 1524 3685 ste

386 3719 436 3769 6Η
460 3717 521 3783 (hec
542 3718 609 3776 om,
632 3717 685 3766 hae
704 3734 729 3780 c,
753 3718 788 3784 he
805 3720 841 3780 lc).
866 3716 877 3785 Η
901 3720 1026 3784 iReges
1047 3719 1069 3770 6
1087 3718 1165 3784 (c0l1):
1193 3719 1279 3784 Regis
1302 3720 1331 3768 H
1350 3718 1396 3786 (141
1418 3726 1443 3768 et
1465 3725 1524 3768 ante

383 3819 451 3854 corr.
470 3803 504 3864 c).
527 3807 540 3868 [ι
562 3801 679 3852 athalici
700 3803 728 3855 6.
749 3798 761 3869 ΙΙ
783 3805 798 3852 8
817 3804 1022 3868 bybliothecam
1043 3804 1148 3868 (-teca
1166 3801 1200 3867 L)
1219 3804 1247 3852 Η
1266 3800 1345 3865 (Len,
1364 3802 1524 3866 biblythecn

381 3890 411 3950 ἱ),
427 3885 600 3937 'bibliotheca
619 3887 648 3938 6.
672 3883 684 3952 ΙΙ
707 3889 722 3937 9
740 3892 806 3938 tunc
825 3890 904 3938 item:
924 3889 1039 3940 tucitem
1051 3889 1087 3940 H.
1107 3885 1119 3954 ΙΙ
1140 3889 1312 3952 ptholomeus
1324 3874 1354 3937 Ι6
1372 3885 1417 3952 (1),
1436 3887 1524 3952 ptolo-

383 3988 459 4023 meus
476 3973 505 4021 H
524 3967 594 4035 (Lc).
616 3967 629 4038 fl
653 3972 684 4022 10
702 3972 826 4022 incitatis
839 3973 868 4021 H
887 3970 923 4036 (et
940 3981 999 4024 ante
1017 3990 1086 4024 corr.
1098 3975 1114 4034 t,
1133 3973 1279 4023 incitatius
1297 3979 1356 4022 ante
1374 3987 1444 4022 corr.
1461 3971 1497 4037 c).
1510 3969 1521 4037 l}
1592 3963 1595 3967 ’

384 4059 415 4105 11
435 4055 616 4107 contenderat
633 4058 662 4105 H
680 4055 775 4119 (azeca,
796 4057 962 4107 contendent
979 4066 1038 4108 ante
1056 4073 1125 4108 corr.
1144 4055 1184 4120 el:
1208 4056 1388 4108 contenderet
1408 4057 1436 4106 6.
1457 4053 1470 4122 Ι]
1494 4059 1525 4107 13

382 4142 451 4192 ratis
467 4140 528 4206 (pro
546 4139 626 4206 satis)
647 4142 675 4191 6.
698 4137 712 4207 [l
733 4141 923 4192 inseminando
944 4142 1005 4205 (non
1022 4143 1051 4191 in
1063 4141 1234 4206 seminando)
1248 4142 1319 4191 Mar.
1341 4137 1354 4207 l}
1378 4143 1410 4190 14
1423 4156 1526 4207 augen-

384 4225 446 4274 dum
468 4227 506 4275 ch.
530 4222 576 4290 [sJ.
599 4221 611 4290 ΙΙ
635 4225 758 4290 apolloni
782 4225 811 4275 6.
835 4222 847 4293 ΙΙ
871 4229 902 4276 15
925 4229 966 4278 sic
990 4229 1118 4277 eomunu'r
1138 4227 1159 4277 6
1180 4226 1239 4290 (L),
1265 4225 1476 4276 sicemmnnium
1499 4227 1528 4275 H

385 4311 453 4372 (sico
476 4299 597 4359 munium
617 4311 637 4369 1,
660 4309 701 4359 sic
724 4311 842 4359 omnium
864 4310 915 4377 ch).
939 4308 951 4377 ll
980 4314 1011 4361 16
1034 4312 1092 4361 iudi
1114 4318 1173 4361 ante
1196 4326 1264 4363 corr.
1288 4309 1368 4374 (ludi)
1389 4309 1418 4358 6.
1442 4305 1454 4374 ΙΙ
1479 4325 1525 4361 eos

384 4394 468 4444 Man:
489 4411 522 4444 ea
542 4395 601 4446 6Η.
624 4391 635 4461 ΙΙ
660 4397 690 4446 18
708 4396 763 4444 iam
782 4411 830 4445 sex
849 4396 971 4446 civitatis
989 4396 1029 4445 110:
1053 4397 1108 4446 iam
1131 4411 1166 4445 ex
1188 4396 1313 4446 civitatis
1337 4395 1367 4443 H
1383 4394 1448 4456 (let,
1470 4395 1525 4444 iam

385 4479 508 4529 civitatis
526 4479 572 4542 L),
591 4479 647 4529 iam
661 4480 857 4531 excivitatibus
871 4480 899 4531 6.
917 4477 930 4546 ss
948 4483 979 4532 19
997 4486 1150 4546 septumum
1162 4481 1198 4539 H,
1218 4477 1525 4544 septymnG(septimi1

386 4562 453 4626 Llc).
476 4560 487 4630 Ι]
510 4563 615 4614 rdzullit
631 4564 667 4613 H.
690 4559 702 4629 ΙΙ
724 4566 757 4614 20
774 4565 982 4627 bybliothecam
1000 4563 1108 4629 (-teci
1128 4563 1160 4630 L)
1180 4566 1234 4615 6Η
1249 4562 1322 4628 (aar,
1335 4563 1526 4628 biblythecam

384 4655 444 4696 ante
461 4663 529 4700 corr.
547 4652 563 4708 1,
583 4647 787 4711 biblyothecam
804 4648 845 4714 lc).
868 4646 880 4715 ll
907 4650 1019 4699 fuerunt
1037 4649 1108 4713 (-it
1128 4649 1173 4714 G):
1199 4650 1238 4699 cic
1257 4649 1315 4698 6Η.
1338 4644 1350 4715 ΙΙ
1373 4650 1404 4697 21
1426 4649 1526 4698 aristo-

384 4729 495 4796 phanen
512 4731 542 4779 H
559 4729 643 4821 (Llc),
657 4736 724 4782 —ne
743 4733 772 4782 6.
795 4729 808 4798 ll
830 4736 862 4784 23
880 4735 975 4799 itaque
994 4739 1145 4786 conventu:
1162 4736 1200 4784 ric
1219 4734 1277 4783 GH.
1301 4730 1313 4798 ΙΙ
1336 4729 1468 4800 alucitae
1487 4733 1524 4782 H.
