3784 5625
674 673 720 719 na
743 670 1011 720 assumserunt
1034 674 1102 719 me.
1125 679 1159 719 x.
1425 659 1487 724 281

313 825 486 890 eOalliam
514 824 772 890 transtulerunt„
803 826 927 889 interca
954 846 1014 888 rex
1041 825 1246 908 Demetrius,
1276 828 1331 912 qui
1358 837 1490 914 propter

345 928 447 991 animi
469 928 683 1013 pertinaciam
700 926 896 991 Poliorcetes
920 936 970 991 est
991 925 1185 1013 appellatae,
1210 936 1322 991 contra
1336 927 1488 992 Rhodum

345 1027 468 1094 bellum
490 1029 707 1113 comparando
730 1028 946 1115 Epimachum
961 1028 1196 1092 Atheniensem
1217 1028 1360 1094 nobilem
1382 1029 1487 1093 archi·

344 1139 468 1194 tectum
491 1152 601 1194 secum
622 1130 773 1194 adduxit.
817 1132 845 1195 is
868 1139 977 1194 autem
991 1131 1193 1217 comparavit
1213 1129 1388 1216 helepolim
1402 1153 1487 1194 sum·
1560 1174 1565 1180 ι

345 1231 456 1319 ptibus
480 1232 665 1296 inmanibus
688 1231 851 1295 industria
872 1230 1048 1317 laboreque
1071 1254 1206 1314 summo,
1232 1232 1323 1295 euius
1347 1230 1522 1296 altitudot

345 1333 452 1397 tuerat
473 1333 594 1420 pedum
616 1350 721 1415 cxxv,
744 1332 882 1397 latitudo
905 1332 1026 1419 pedum
1047 1351 1103 1396 nx.
1149 1355 1220 1396 eam
1242 1332 1358 1396 ciliciis
1381 1343 1413 1397 et
1436 1356 1487 1397 co-

345 1436 404 1499 riis
420 1434 529 1498 crudis
545 1434 759 1516 confirmavit,
782 1443 818 1497 ut
840 1420 951 1520 posset
973 1436 1042 1521 pati
1064 1433 1194 1522 plagam
1216 1433 1334 1521 lapidis
1356 1434 1488 1499 ballista

345 1536 474 1599 inmissi
496 1537 603 1622 pondo
627 1552 748 1618 cccxx,
771 1537 843 1621 ipsa
865 1545 972 1600 autem
994 1536 1145 1600 machina
1166 1535 1273 1600 fuerat
1295 1536 1386 1600 milia
1408 1560 1485 1624 pon-

346 1638 387 1702 do
403 1654 524 1702 cccxx.
562 1660 635 1701 cum
657 1646 765 1700 autem
780 1636 902 1701 Callias
916 1647 1094 1725 ,rogaretur
1112 1638 1154 1701 ab
1170 1637 1307 1703 Rhodiis
1325 1648 1487 1702 utcontra

345 1761 416 1803 eam
443 1737 617 1825 helepolim
644 1738 826 1802 machinam
854 1748 984 1825 pararet
1012 1748 1044 1803 et
1065 1749 1102 1803 ut
1124 1738 1214 1802 illam
1244 1741 1292 1803 uti
1320 1738 1486 1826 pollicitus
1506 1754 1538 1802 ιο

310 1858 326 1907 5
345 1851 415 1905 erat
436 1840 628 1904 transferret
643 1842 730 1905 intra
745 1863 882 1923 murum,
905 1842 1040 1925 negavit
1054 1862 1161 1926 posse.
1196 1844 1362 1906 nonenim
1378 1844 1487 1909 omnia

225 1945 236 1962 ⁸
344 1942 468 2006 eisdem
489 1942 670 2007 rationibus
692 1942 746 2026 agi
768 1952 912 2029 possunt,
936 1942 995 2006 sed
1017 1951 1092 2007 sunt
1114 1941 1179 2005 alia
1195 1965 1277 2029 quae
1292 1944 1485 2030 exemplari-

344 2044 404 2107 bus
428 2067 492 2108 non
517 2045 644 2129 magnis
674 2042 824 2108 similiter
845 2066 964 2129 magna
985 2044 1073 2108 facta
1094 2043 1216 2107 hahent
1242 2046 1392 2127 effectus,
1421 2046 1486 2109 alia

343 2155 452 2209 autem
485 2144 683 2232 exemplaria
715 2168 780 2209 non
807 2155 944 2232 possunt
977 2147 1097 2210 habere
1132 2146 1190 2209 sed
1216 2168 1275 2231 per
1302 2168 1337 2209 se
1366 2148 1484 2211 consti-

343 2255 493 2329 tuuntur,
523 2245 679 2311 nonnulla
706 2267 784 2310 vero
808 2255 884 2309 sunt
906 2268 988 2331 quae
1009 2248 1044 2309 in
1066 2247 1306 2333 exemplaribus
1330 2246 1485 2311 videntu'r
1505 2262 1536 2311 15

344 2350 415 2411 veri
442 2329 577 2431 similia,
606 2369 679 2411 cum
706 2356 814 2411 autem
842 2368 988 2410 crescere
1015 2358 1190 2434 coeperunt
1213 2346 1411 2412 dilabuntur.
1441 2357 1485 2412 'ut

344 2451 441 2513 etiam
463 2473 634 2536 possumus
657 2448 710 2513 hic
731 2448 1000 2512 animadvertere.
1046 2450 1228 2513 terebratur
1249 2449 1378 2513 terebra
1399 2450 1484 2515 fora·
1528 2452 1531 2456 ’

343 2574 417 2615 men
449 2550 672 2636 semidigitale
696 2550 831 2635 digitale
862 2549 1120 2636 sesquidigitale.
1164 2552 1193 2616 si
1216 2550 1329 2615 eadem
1360 2554 1485 2617 ratione

343 2652 540 2717 voluerimus
567 2652 711 2739 palmare
733 2652 855 2734 facere,
884 2674 949 2715 non
971 2650 1070 2716 habet
1092 2652 1358 2739 explicationem,
1388 2655 1483 2717 semi-

341 2754 457 2841 pedale
488 2765 544 2820 aut
577 2756 681 2820 maius
710 2777 750 2818 ne
779 2753 989 2839 cogitandum
1022 2754 1153 2841 quidem
1181 2754 1314 2821 videtur
1341 2757 1483 2822 omnino.
1502 2772 1535 2820 20

308 2859 390 2922 esic
416 2859 495 2921 item
523 2859 558 2922 in
585 2857 747 2924 nonnullis
776 2855 1017 2942 exemplaribus
1052 2857 1183 2922 videtur
1211 2859 1483 2944 quemadmodum

410 3119 423 3165 1
443 3118 557 3180 galliam
574 3118 615 3166 lo‘e
632 3117 718 3166 EGH.
742 3113 754 3181 l]
776 3119 791 3164 2
808 3115 961 3180 ptinaoiem
973 3123 1032 3164 ante
1044 3130 1113 3168 corr.
1133 3113 1233 3178 (—am)
1251 3117 1287 3166 H.
1312 3114 1324 3183 ll
1347 3117 1484 3168 Poliorce-

343 3204 384 3249 tes
403 3203 474 3251 Joc:
493 3202 663 3267 poliorcetes
682 3200 781 3265 (pellor
800 3206 878 3266 cates
897 3200 955 3258 ΕΘ,
974 3199 1132 3264 polloredtes
1150 3200 1189 3263 H)
1213 3201 1300 3250 ΕΘΗ.
1321 3198 1334 3267 ΙΙ
1362 3201 1483 3252 411θίἰο-

341 3302 424 3365 poum
446 3304 531 3354 sorr.
560 3301 572 3370 μ
599 3288 794 3368 entem
810 3339 816 3353 .
831 3305 859 3352 rr
886 3277 942 3366 (ht,
970 3305 1070 3370 am
1093 3301 1148 3367 ct),
1176 3318 1267 3367 ρων
1283 3339 1289 3350 .
1305 3303 1352 3353 se
1379 3300 1482 3369 (pom

339 3393 434 3448 prcncto
452 3390 540 3439 addito
559 3389 616 3452 Ec).
641 3387 653 3455 Η
677 3389 749 3454 peda
769 3389 837 3440 .LX.
856 3388 887 3437 H
902 3385 987 3454 (Lle),
1013 3404 1042 3452 p.
1064 3388 1123 3440 LX.
1145 3387 1204 3437 ΕΘ.
1227 3382 1239 3453 [Ι
1267 3387 1307 3436 ita
1326 3403 1387 3436 eam
1406 3389 1483 3439 ΕΘΗ

343 3485 435 3546 (delevi
451 3486 513 3549 ita).
533 3485 545 3554 Η
566 3490 665 3540 ciliciis
683 3489 803 3540 &coriis
822 3487 1132 3556 confirmavitl{crudis
1150 3493 1181 3539 ut
1197 3489 1232 3542 Ε,
1248 3485 1259 3556 Η
1276 3475 1483 3543 813.ccc.Lx

343 3584 372 3630 H
398 3581 481 3648 (Llc),
514 3603 675 3650 peec.nx.
694 3590 727 3646 Θ,
755 3592 921 3654 pccctx.E.
945 3587 957 3656 11
984 3575 1168 3643 HDOCLX.
1197 3592 1227 3640 Η
1257 3590 1375 3658 (pccctx
1392 3635 1397 3646 .
1414 3591 1482 3657 Llc),

342 3665 396 3746 ped
422 3666 441 3728 (.
455 3667 486 3730 Θ)
516 3664 719 3722 comme.
748 3669 759 3737 ΙΙ
788 3676 803 3723 9
826 3674 926 3738 gallias
955 3676 1040 3725 EGH.
1069 3671 1081 3742 ss
1109 3675 1250 3725 sbrhodiis
1278 3682 1376 3728 contra
1404 3676 1483 3726 ΕΘΗ

343 3751 406 3814 (lde,
426 3751 565 3804 adrhodiis
589 3759 685 3804 contra
703 3759 733 3813 Ic,
753 3761 783 3805 ut
801 3759 861 3808 add.
879 3756 957 3821 doe).
975 3755 987 3823 ΙΙ
1007 3761 1038 3807 10
1057 3774 1117 3807 eum
1136 3765 1195 3807 ante
1213 3775 1282 3810 corr.
1303 3763 1337 3811 H.
1362 3759 1375 3826 ΙΙ
1397 3761 1482 3827 helio·

342 3836 443 3901 poliam
464 3835 523 3900 (ἐι
536 3838 568 3901 Θ)
588 3839 673 3889 ΕΘΗ.
697 3836 709 3905 ll
730 3839 836 3904 parer&
853 3840 876 3890 dt
893 3844 923 3890 ut
940 3843 970 3890 Η
988 3841 1070 3904 (Llc):
1090 3847 1203 3906 pararet
1220 3848 1251 3892 ut
1270 3845 1291 3893 Θ
1310 3843 1360 3907 (.&
1377 3849 1407 3893 ιιι
1427 3845 1480 3907 Θθ),

341 3920 510 3985 parar&.ut
528 3923 561 3976 E.
585 3918 597 3988 [Ι
620 3924 661 3972 uti
680 3923 742 3982 ΘΗ,
765 3928 796 3973 ιιι
815 3922 846 3976 Ε.
871 3922 884 3990 ll
907 3927 936 3973 12
956 3925 1013 3974 alia
1030 3941 1101 3988 quae
1124 3941 1170 3989 epo
1194 3922 1301 3989 (aliqua
1325 3943 1395 3991 quae
1414 3928 1481 3989 ed.):

342 4006 433 4069 alique
452 4008 478 4055 H
497 4004 546 4072 (ης
569 4010 608 4073 LI,
629 4023 681 4072 que
700 4006 757 4072 Lo),
777 4008 868 4073 alique
883 4009 950 4066 GEc,
969 4009 1082 4073 aliique
1101 4015 1160 4057 ante
1177 4025 1246 4060 corr.
1265 4011 1298 4065 Ε,
1316 4008 1328 4077 ΙΙ
1345 4013 1482 4077 exempla·

341 4090 416 4139 ribus
442 4091 488 4140 ΕΘ
511 4090 570 4154 (lc):
599 4092 779 4156 exenpsribue
802 4095 831 4142 H
858 4089 903 4154 (L,
926 4095 975 4143 sed
996 4095 1033 4142 L⁶
1055 4093 1267 4158 exinparibusl).
1289 4091 1301 4161 ll
1327 4098 1358 4147 13
1381 4111 1481 4161 magna

342 4175 420 4224 facta
444 4175 472 4223 H
495 4174 577 4238 (Ηώς
605 4175 784 4242 magnificata
807 4176 855 4226 ΕΘ
877 4174 935 4238 (red
954 4177 987 4226 6⁶
1004 4179 1030 4227 in
1047 4194 1126 4242 marg.
1144 4180 1157 4228 i
1174 4177 1205 4228 al
1223 4194 1324 4243 magna
1347 4180 1446 4244 facta).
1466 4177 1479 4244 ll

343 4360 367 4407 Ε
384 4367 486 4411 etanta
504 4377 572 4412 corr.
593 4363 622 4411 Θ.
646 4358 657 4428 ΙΙ
682 4363 805 4426 ceperint
823 4363 868 4413 Ec,
891 4358 904 4430 Η
924 4363 1083 4413 dilabuntur
1100 4365 1154 4414 ed:
1177 4362 1337 4414 dilabantur
1358 4364 1445 4442 ΕΘΗ.
1467 4363 1478 4430 ll

343 4445 373 4492 17
392 4444 450 4495 hic:
474 4447 511 4495 sic
530 4447 615 4496 ΕΘΗ.
641 4443 652 4512 ΙΙ
679 4448 799 4496 animum
823 4445 927 4510 (anima
949 4447 982 4506 Θ,
1007 4448 1097 4497 animo
1113 4448 1166 4511 ιΘθ)
1191 4448 1333 4501 advertere
1357 4449 1436 4499 ΕΘΗ
1452 4451 1480 4516 (1,

343 4527 598 4608 animduadvertere
618 4533 650 4595 L,
670 4531 888 4582 animadvertere
905 4531 956 4595 ch).
980 4528 992 4598 ΙΙ
1017 4533 1048 4584 18
1067 4533 1092 4581 ei
1110 4532 1160 4584 E⁶z
1179 4534 1220 4583 sic
1240 4534 1291 4584 ΘΗ
1308 4541 1334 4584 et
1350 4541 1409 4585 onte
1426 4552 1480 4588 rae.

342 4628 375 4679 Ε.
398 4625 410 4693 ΙΙ
434 4632 466 4680 20
485 4637 533 4680 aut
550 4638 610 4697 eyoi
630 4635 667 4682 air
686 4634 720 4690 H,
740 4637 803 4683 aute
820 4634 877 4700 ΕΘ.
901 4629 913 4698 ΙΙ
936 4633 1019 4698 quida
1041 4640 1099 4686 ante
1122 4633 1182 4699 (ipo.
1201 4620 1235 4697 ᾧ)
1260 4650 1327 4685 corr.
1347 4637 1386 4685 H.
1409 4631 1421 4703 [Ι
1447 4638 1479 4686 21

343 4713 385 4761 sic
402 4715 469 4764 item
489 4713 572 4777 (enim
585 4721 608 4767 lc
621 4715 667 4783 [s])
687 4717 856 4768 iunonnullis
870 4717 1073 4784 exemplaribus
1086 4718 1214 4769 videntur
1228 4755 1233 4767 .
1248 4735 1324 4784 quem
1338 4721 1480 4772 admodum
