3784 5625
384 644 447 709 218
873 660 1031 707 vrrnovn

384 815 480 879 sicuti
509 813 642 879 deortun
670 814 719 877 sic
746 810 846 876 Ennii
878 823 994 899 poetae
1021 811 1240 877 simulacrum.
1290 813 1386 877 Accii
1420 823 1532 878 autem

384 916 582 980 carminibus
606 916 661 1000 qui
683 915 829 978 studiose
851 914 1055 979 delectantur
1073 937 1139 980 non
1161 914 1257 980 modo
1273 914 1450 979 verborum
1466 918 1530 979 vir·

384 1028 469 1082 tutes
499 1016 557 1082 sed
585 1018 683 1079 etiam
710 1016 848 1101 figuram
876 1018 945 1080 eius
969 1015 1124 1080 videntur
1151 1038 1261 1080 secum
1287 1015 1411 1081 habere
1439 1040 1530 1103 prae-

384 1130 519 1183 sentem.
563 1121 642 1183 item
664 1118 774 1206 plures
796 1128 870 1205 post
891 1128 1038 1183 nostram
1052 1120 1240 1183 memoriam
1263 1128 1437 1184 nascentes
1460 1142 1531 1185 cum
1550 1134 1577 1182 1:

350 1238 365 1284 5
383 1223 536 1287 Lucretio
559 1219 760 1285 videbuntur
781 1219 872 1285 velut
894 1208 1003 1284 coram
1026 1219 1067 1284 de
1088 1243 1198 1284 rerum
1213 1230 1329 1285 natura
1348 1220 1529 1308 disputare,

384 1323 425 1388 de
447 1333 518 1387 arte
539 1345 617 1387 vero
639 1323 802 1388 rhetorica
823 1343 897 1385 cum
917 1321 1092 1403 Cicerone,
1114 1322 1208 1386 multi
1230 1331 1436 1409 posterorum
1459 1345 1531 1387 cum

382 1426 530 1489 Varrone
562 1424 730 1489 conferent
758 1445 940 1489 sermonem
970 1424 1012 1487 de
1045 1422 1157 1508 lingua
1178 1423 1295 1506 latina,
1329 1447 1396 1488 non
1423 1425 1530 1489 minus

383 1528 483 1590 etiam
514 1524 624 1611 plures
657 1524 815 1612 philologi
853 1548 926 1589 cum
960 1525 1159 1590 Graecorum
1190 1525 1395 1613 sapientibus
1429 1525 1531 1590 multa

384 1626 601 1691 deliberantes
630 1636 772 1692 secretos
800 1649 874 1692 cum
900 1626 952 1691 his
980 1626 1180 1692 videbuntur
1208 1626 1330 1691 habere
1352 1648 1529 1710 sermones,

334 1744 365 1792 10
383 1737 415 1792 et
441 1727 484 1792 ad
513 1750 671 1793 summam
692 1730 889 1815 sapientium
911 1730 1106 1818 scriptorum
1129 1730 1310 1793 sententiae
1338 1729 1530 1816 corporibus

384 1830 576 1895 absentibus
604 1840 769 1894 vetustate
796 1831 947 1896 florentes
976 1854 1048 1895 cum
1079 1833 1190 1895 insrmt
1217 1832 1303 1895 inter
1330 1830 1471 1896 consilia
1499 1840 1530 1894 et

383 1930 631 2018 disputationes,
654 1934 791 1997 maiores
815 1932 936 1997 habent
958 1956 1057 2021 quam
1077 1934 1299 2021 praesentium
1322 1943 1398 1998 sunt
1420 1942 1531 1998 aucto·

382 2034 496 2097 ritates
521 2055 642 2099 omnes.
684 2035 806 2120 itaque,
830 2033 962 2117 Caesar,
982 2036 1033 2100 his
1047 2034 1234 2100 auctoribus
1257 2033 1361 2099 fretus
1377 2035 1528 2099 sensibus
1547 2049 1573 2098 18

384 2157 494 2200 eorum
515 2134 673 2199 adhibitis
698 2145 730 2199 et
752 2136 895 2200 consiliis
919 2158 957 2199 ea
979 2136 1147 2201 volumina
1168 2137 1364 2223 conscripsi,
1388 2145 1422 2200 et
1445 2137 1528 2222 prio·

334 2252 364 2301 15
382 2237 473 2301 ribus
497 2246 622 2324 septem
645 2236 686 2301 de
707 2235 877 2320 aedificiis,
901 2249 1017 2303 octavo
1041 2237 1081 2302 de
1103 2239 1213 2324 aquis,
1244 2239 1280 2301 in
1301 2237 1364 2301 hoc
1386 2236 1429 2301 de
1451 2261 1528 2323 gno-

382 2340 518 2404 monicis
546 2339 727 2404 rationibus
756 2339 1028 2426 quemadmodum
1051 2340 1092 2404 de
1118 2340 1221 2404 radiis
1244 2338 1322 2404 solis
1350 2341 1386 2404 in
1408 2340 1528 2404 mundo

383 2452 458 2505 sunt
491 2463 550 2528 per
577 2439 711 2506 umbras
744 2443 914 2527 gnomonis
941 2443 1097 2505 inventae
1130 2442 1313 2528 quibusque
1346 2443 1528 2508 rationibus

382 2541 561 2607 dilatentur
581 2552 638 2607 aut
661 2542 894 2608 contrahantur
917 2541 1099 2629 explicabo.
1194 2551 1205 2574 '
1452 2529 1456 2535 ’

332 2658 369 2708 lv
468 2644 517 2708 Ea
537 2654 646 2708 autem
674 2654 749 2708 sunt
777 2644 892 2709 divina
912 2654 1021 2708 mente
1043 2653 1229 2731 comparata
1258 2643 1447 2732 habentque
1467 2646 1523 2709 ad·
1541 2652 1570 2719 (1)

331 2747 586 2810 admirationem
606 2768 757 2830 magnam
779 2746 1081 2830 considerantibus,
1111 2745 1198 2834 quod
1219 2745 1334 2811 umbra
1355 2749 1527 2833 gnomonis

382 2846 628 2933 aequinoctialis
651 2846 716 2911 alia
739 2848 963 2934 magnitudine
985 2860 1034 2914 est
1056 2849 1195 2912 Athenis
1217 2847 1283 2912 alia
1304 2846 1528 2913 Alexandriae

384 2948 448 3012 alia
470 2949 592 3014 Romae
614 2971 679 3013 non
701 2950 815 3013 eadem
837 2950 1024 3014 Placentiae
1046 2951 1229 3036 ceterisque
1251 2950 1339 3015 orbis
1368 2961 1527 3015 terrarum

381 3050 473 3116 locis.
516 3053 627 3138 itaque
648 3051 745 3136 longe
767 3052 861 3116 aliter
883 3053 1008 3118 distant
1029 3052 1262 3138 descriptiones
1286 3051 1529 3138 horologiorum

381 3151 525 3218 locorum
540 3153 787 3218 mutationibus
829 3155 1018 3219 umbrarum
1033 3158 1119 3220 enim
1135 3153 1423 3241 aequinoctialium
1438 3177 1526 3240 mag-

333 3273 365 3321 25
383 3256 590 3320 nitudinibus
620 3256 834 3340 designantur
867 3255 1156 3321 analemmatorum
1189 3255 1329 3338 formae,
1364 3278 1382 3319 e
1410 3257 1525 3344 quibus

381 3356 593 3443 perficiuntur
608 3356 651 3420 ad
672 3358 832 3421 rationem
853 3357 997 3422 locorum
1012 3368 1044 3422 et
1065 3358 1200 3422 umbrae
1214 3379 1413 3442 gnomonum
1434 3358 1525 3424 hora·

382 3479 454 3521 rum
476 3457 722 3544 descriptiones.
767 3463 944 3544 αναλημμα
967 3470 1016 3524 est
1037 3461 1121 3525 ratio
1137 3461 1321 3546 conquisita
1336 3457 1415 3523 solis
1432 3482 1526 3524 cursu

384 3568 416 3623 et
442 3559 576 3622 umbrae
604 3561 778 3626 crescentis
807 3560 849 3624 ad
882 3562 1031 3626 brumam
1067 3562 1295 3626 observatione
1327 3563 1480 3644 inventa,
1509 3583 1525 3624 e

383 3682 447 3746 qua
474 3682 533 3749 per
554 3662 695 3725 rationes
718 3664 988 3728 architectonicas
1012 3665 1190 3750 circinique
1212 3663 1450 3750 descriptiones
1479 3672 1525 3726 est

382 3869 453 3918 doc:
474 3867 618 3920 dedicatas
636 3870 722 3920 ΕΘΗ.
744 3866 755 3936 ΙΙ
780 3871 793 3918 1
814 3871 878 3920 enni
895 3872 931 3921 Η.
952 3866 965 3936 ll
988 3872 1049 3920 acci
1066 3879 1126 3921 ante
1143 3887 1212 3922 corr.
1231 3871 1265 3925 Ε.
1286 3865 1299 3933 ΙΙ
1317 3873 1334 3922 3
1352 3874 1524 3936 praesentem

383 3967 453 4004 esse.
481 3955 549 4003 Item
568 3954 648 4005 ΕΘΗ
665 3951 737 4017 (esse
756 3956 804 4006 det.
824 3952 902 4018 Joc.).
926 3950 938 4020 ΙΙ
968 3957 998 4005 15
1022 3960 1141 4020 septem:
1163 3955 1217 4004 VII
1236 3954 1292 4004 EG.
1316 3950 1328 4019 ll
1356 3955 1524 4020 gnomonicis

385 4039 434 4087 GH
454 4037 532 4100 (lde),
552 4039 686 4103 gnomicis
706 4038 738 4088 Ε.
758 4037 770 4105 ΙΙ
794 4041 825 4088 17
844 4039 987 4103 gnomonis
1005 4040 1086 4090 ΕΘΗ
1096 4037 1139 4103 (L,
1152 4039 1289 4104 gnominis
1301 4039 1344 4101 tc).
1367 4035 1379 4105 ΙΙ
1404 4041 1524 4090 190111-

383 4123 481 4186 parata
507 4129 565 4172 ante
592 4139 646 4172 ros.
678 4124 706 4173 G.
731 4119 743 4189 ll
772 4125 805 4173 20
831 4124 969 4188 gnominis
994 4126 1025 4176 tc.
1053 4122 1065 4189 ll
1092 4127 1125 4174 23
1153 4107 1357 4188 descriptiones
1385 4123 1447 4174 ΕΘ;
1480 4123 1525 4172 de-

382 4204 487 4271 scrip(b
499 4207 624 4271 aaronis
642 4209 672 4258 H
689 4205 769 4274 (Llc).
790 4203 803 4273 ΙΙ
822 4210 855 4258 25
873 4209 898 4257 si
915 4215 973 4258 ante
992 4207 1174 4272 designantur
1191 4210 1351 4259 inserendum
1366 4225 1449 4274 supra
1466 4210 1525 4258 add.

384 4292 425 4348 6⁶,
445 4293 504 4356 qnia
520 4293 547 4341 ia
564 4294 593 4341 H
611 4292 648 4357 (et
665 4300 725 4342 ante
743 4308 811 4343 corr.
829 4293 855 4342 in
873 4292 897 4354 c)
921 4307 1012 4342 errore
1029 4295 1151 4357 scriptum
1168 4299 1207 4342 est
1228 4294 1266 4342 sic
1284 4292 1525 4359 desidesignantnr

384 4375 444 4437 (non
461 4377 488 4425 in
505 4375 558 4438 Εἰ).
581 4373 595 4443 ss
617 4377 872 4427 analemmatorum:
890 4381 928 4428 sic
945 4378 1032 4429 ΕΘΗ.
1055 4374 1067 4444 ΙΙ
1091 4377 1216 4442 equibus:
1234 4377 1272 4426 sic
1289 4377 1376 4430 ΕΘΗ.
1401 4374 1413 4443 ΙΙ
1436 4380 1470 4428 26
1488 4378 1525 4428 lo·

384 4476 475 4509 corum
485 4461 525 4510 11⁶:
539 4460 653 4527 longo(a
662 4462 758 4525 Elrum
767 4462 846 4512 EGH
852 4460 947 4526 (neos).
962 4459 974 4528 ll
985 4464 1123 4526 gnomomi
1132 4462 1182 4511 ΕΘ
1187 4479 1194 4512 :
1207 4464 1356 4527 gnomoniir
1368 4464 1396 4511 H
1405 4458 1525 4524 (-nium

383 4545 451 4606 aa).
473 4541 484 4609 Η
506 4547 538 4594 27
557 4562 711 4596 ausaausa
735 4543 794 4610 (sic)
820 4548 882 4605 ΘΗ,
906 4562 1042 4596 susanna
1066 4547 1092 4596 E
1115 4548 1283 4609 (1111111111
1307 4548 1343 4609 L,
1368 4562 1525 4597 anaanuua

383 4630 422 4693 et,
442 4645 513 4677 —un
533 4632 559 4687 l).
584 4627 595 4694 ΙΙ
618 4633 651 4681 28
671 4631 705 4680 ad
723 4633 846 4681 brumam
864 4648 922 4696 epo:
944 4632 1074 4681 abrumae
1092 4633 1122 4681 Η
1140 4631 1339 4698 (ομ-111111),
1359 4632 1473 4683 abruma
1492 4632 1523 4687 Ε,

384 4713 500 4778 abruinq
519 4715 540 4762 Θ
559 4712 626 4776 (stc).
