<?xml version="1.0" encoding="UTF-8"?>
<!DOCTYPE html PUBLIC "-//W3C//DTD XHTML 1.0 Transitional//EN"
    "http://www.w3.org/TR/xhtml1/DTD/xhtml1-transitional.dtd">
<html xmlns="http://www.w3.org/1999/xhtml" xml:lang="en" lang="en">
 <head>
  <title>
</title>
<meta http-equiv="Content-Type" content="text/html;charset=utf-8" />
  <meta name='ocr-system' content='tesseract 3.04.00' />
  <meta name='ocr-capabilities' content='ocr_page ocr_carea ocr_par ocr_line ocrx_word'/>
</head>
<body>
  <div class='ocr_page' id='page_1' title='image "./vitruviidearchi01strgoog_0304.png"; bbox 0 0 3784 5625; ppageno 0'>
   <div class='ocr_carea' id='block_1_1' title="bbox 331 990 1295 3496">
    <p class='ocr_par' dir='ltr' id='par_1_1' title="bbox 331 990 1295 3496">
     <span class='ocr_line' id='line_1_1' title="bbox 441 990 1030 1056; baseline 0 -15"><span class='ocrx_word' id='word_1_1' title='bbox 441 990 516 1041; x_wconf 88' lang='lat' dir='ltr'>IDe</span> <span class='ocrx_word' id='word_1_2' title='bbox 534 990 680 1056; x_wconf 81' lang='lat' dir='ltr'><strong>principiis</strong></span> <span class='ocrx_word' id='word_1_3' title='bbox 698 992 765 1042; x_wconf 85' lang='lat' dir='ltr'>artis</span> <span class='ocrx_word' id='word_1_4' title='bbox 784 992 1030 1043; x_wconf 83' lang='lat' dir='ltr'>architectonicae.</span> 
     </span>
     <span class='ocr_line' id='line_1_2' title="bbox 424 1075 669 1129; baseline 0.004 -5"><span class='ocrx_word' id='word_1_5' title='bbox 424 1077 452 1126; x_wconf 95' lang='lat' dir='ltr'>II</span> <span class='ocrx_word' id='word_1_6' title='bbox 469 1077 512 1125; x_wconf 92' lang='lat' dir='ltr'>De</span> <span class='ocrx_word' id='word_1_7' title='bbox 529 1075 629 1129; x_wconf 88' lang='lat' dir='ltr'>ventis.</span> <span class='ocrx_word' id='word_1_8' title='bbox 667 1099 669 1103; x_wconf 48' lang='lat'><strong><em>⁴</em></strong></span> 
     </span>
     <span class='ocr_line' id='line_1_3' title="bbox 410 1160 808 1224; baseline -0.003 -14"><span class='ocrx_word' id='word_1_9' title='bbox 410 1160 453 1210; x_wconf 90' lang='lat'>111</span> <span class='ocrx_word' id='word_1_10' title='bbox 470 1160 513 1209; x_wconf 88' lang='lat' dir='ltr'>De</span> <span class='ocrx_word' id='word_1_11' title='bbox 533 1174 621 1224; x_wconf 84' lang='lat' dir='ltr'>aquae</span> <span class='ocrx_word' id='word_1_12' title='bbox 638 1161 808 1211; x_wconf 81' lang='lat' dir='ltr'>inventione.</span> 
     </span>
     <span class='ocr_line' id='line_1_4' title="bbox 411 1244 1078 1309; baseline 0.003 -16"><span class='ocrx_word' id='word_1_13' title='bbox 411 1244 450 1294; x_wconf 89' lang='lat' dir='ltr'>IV</span> <span class='ocrx_word' id='word_1_14' title='bbox 467 1245 510 1293; x_wconf 88' lang='lat' dir='ltr'>De</span> <span class='ocrx_word' id='word_1_15' title='bbox 529 1248 669 1309; x_wconf 88' lang='lat' dir='ltr'>puteorum</span> <span class='ocrx_word' id='word_1_16' title='bbox 688 1246 857 1297; x_wconf 78' lang='lat' dir='ltr'>fossionibus</span> <span class='ocrx_word' id='word_1_17' title='bbox 877 1249 905 1295; x_wconf 86' lang='lat' dir='ltr'>et</span> <span class='ocrx_word' id='word_1_18' title='bbox 922 1244 1078 1295; x_wconf 83' lang='lat' dir='ltr'>structuris.</span> 
     </span>
     <span class='ocr_line' id='line_1_5' title="bbox 426 1329 933 1396; baseline 0.002 -18"><span class='ocrx_word' id='word_1_19' title='bbox 426 1330 452 1378; x_wconf 91' lang='lat' dir='ltr'><strong>V</strong></span> <span class='ocrx_word' id='word_1_20' title='bbox 469 1331 511 1379; x_wconf 90' lang='lat' dir='ltr'>De</span> <span class='ocrx_word' id='word_1_21' title='bbox 530 1329 655 1381; x_wconf 84' lang='lat' dir='ltr'>utilitate</span> <span class='ocrx_word' id='word_1_22' title='bbox 674 1346 762 1396; x_wconf 81' lang='lat' dir='ltr'>equae</span> <span class='ocrx_word' id='word_1_23' title='bbox 780 1330 933 1395; x_wconf 83' lang='lat' dir='ltr'>probanda.</span> 
     </span>
     <span class='ocr_line' id='line_1_6' title="bbox 411 1414 805 1477; baseline 0.008 -12"><span class='ocrx_word' id='word_1_24' title='bbox 411 1414 449 1465; x_wconf 91' lang='lat' dir='ltr'>Vl</span> <span class='ocrx_word' id='word_1_25' title='bbox 467 1415 509 1463; x_wconf 91' lang='lat' dir='ltr'>De</span> <span class='ocrx_word' id='word_1_26' title='bbox 528 1428 619 1477; x_wconf 78' lang='lat' dir='ltr'>aquae</span> <span class='ocrx_word' id='word_1_27' title='bbox 638 1414 805 1468; x_wconf 85' lang='lat' dir='ltr'>inductione.</span> 
     </span>
     <span class='ocr_line' id='line_1_7' title="bbox 399 1498 1024 1564; baseline -0.002 -15"><span class='ocrx_word' id='word_1_28' title='bbox 399 1499 452 1549; x_wconf 93' lang='lat' dir='ltr'>VII</span> <span class='ocrx_word' id='word_1_29' title='bbox 469 1498 511 1547; x_wconf 94' lang='lat' dir='ltr'>De</span> <span class='ocrx_word' id='word_1_30' title='bbox 530 1499 664 1549; x_wconf 86' lang='lat' dir='ltr'>mensuris</span> <span class='ocrx_word' id='word_1_31' title='bbox 682 1503 709 1548; x_wconf 92' lang='lat' dir='ltr'>et</span> <span class='ocrx_word' id='word_1_32' title='bbox 727 1499 846 1564; x_wconf 92' lang='lat' dir='ltr'>pondere</span> <span class='ocrx_word' id='word_1_33' title='bbox 864 1499 1024 1550; x_wconf 91' lang='lat' dir='ltr'>fistularum.</span> 
     </span>
     <span class='ocr_line' id='line_1_8' title="bbox 386 1583 781 1634; baseline -0.003 0"><span class='ocrx_word' id='word_1_34' title='bbox 386 1583 454 1634; x_wconf 93' lang='lat' dir='ltr'>VIII</span> <span class='ocrx_word' id='word_1_35' title='bbox 470 1584 513 1633; x_wconf 95' lang='lat' dir='ltr'>De</span> <span class='ocrx_word' id='word_1_36' title='bbox 530 1583 654 1634; x_wconf 81' lang='lat' dir='ltr'>harenae</span> <span class='ocrx_word' id='word_1_37' title='bbox 672 1588 781 1633; x_wconf 85' lang='lat' dir='ltr'>natura.</span> 
     </span>
     <span class='ocr_line' id='line_1_9' title="bbox 410 1666 927 1733; baseline 0.008 -18"><span class='ocrx_word' id='word_1_38' title='bbox 410 1667 450 1715; x_wconf 93' lang='lat' dir='ltr'>IX</span> <span class='ocrx_word' id='word_1_39' title='bbox 467 1667 510 1716; x_wconf 92' lang='lat' dir='ltr'>De</span> <span class='ocrx_word' id='word_1_40' title='bbox 529 1666 616 1717; x_wconf 86' lang='lat' dir='ltr'>calcis</span> <span class='ocrx_word' id='word_1_41' title='bbox 633 1667 757 1717; x_wconf 88' lang='lat' dir='ltr'>utilitate</span> <span class='ocrx_word' id='word_1_42' title='bbox 776 1669 927 1733; x_wconf 83' lang='lat' dir='ltr'>probanda.</span> 
     </span>
     <span class='ocr_line' id='line_1_10' title="bbox 427 1749 883 1810; baseline 0.009 -11"><span class='ocrx_word' id='word_1_43' title='bbox 427 1751 452 1799; x_wconf 88' lang='lat' dir='ltr'>X</span> <span class='ocrx_word' id='word_1_44' title='bbox 469 1751 512 1801; x_wconf 91' lang='lat' dir='ltr'>De</span> <span class='ocrx_word' id='word_1_45' title='bbox 530 1749 665 1801; x_wconf 81' lang='lat' dir='ltr'>luteribus</span> <span class='ocrx_word' id='word_1_46' title='bbox 684 1751 828 1802; x_wconf 81' lang='lat' dir='ltr'>iaciendis.</span> <span class='ocrx_word' id='word_1_47' title='bbox 881 1803 883 1810; x_wconf 84' lang='grc'><strong>,</strong></span> 
     </span>
     <span class='ocr_line' id='line_1_11' title="bbox 410 1834 1228 1902; baseline 0.004 -19"><span class='ocrx_word' id='word_1_48' title='bbox 410 1835 451 1884; x_wconf 91' lang='lat' dir='ltr'>XI</span> <span class='ocrx_word' id='word_1_49' title='bbox 469 1834 508 1885; x_wconf 90' lang='lat' dir='ltr'>De</span> <span class='ocrx_word' id='word_1_50' title='bbox 528 1835 682 1900; x_wconf 89' lang='lat' dir='ltr'>parietibus</span> <span class='ocrx_word' id='word_1_51' title='bbox 700 1835 838 1887; x_wconf 90' lang='lat' dir='ltr'>latericiis</span> <span class='ocrx_word' id='word_1_52' title='bbox 856 1838 975 1887; x_wconf 86' lang='lat' dir='ltr'>tectorio</span> <span class='ocrx_word' id='word_1_53' title='bbox 993 1837 1069 1902; x_wconf 91' lang='lat' dir='ltr'>operi</span> <span class='ocrx_word' id='word_1_54' title='bbox 1088 1836 1228 1902; x_wconf 84' lang='lat' dir='ltr'>parandis.</span> 
     </span>
     <span class='ocr_line' id='line_1_12' title="bbox 399 1920 1173 1984; baseline 0.003 -15"><span class='ocrx_word' id='word_1_55' title='bbox 399 1920 454 1971; x_wconf 89' lang='lat' dir='ltr'>XII</span> <span class='ocrx_word' id='word_1_56' title='bbox 470 1920 513 1969; x_wconf 83' lang='lat' dir='ltr'>De</span> <span class='ocrx_word' id='word_1_57' title='bbox 531 1920 679 1984; x_wconf 81' lang='lat' dir='ltr'>generibus</span> <span class='ocrx_word' id='word_1_58' title='bbox 698 1920 824 1971; x_wconf 84' lang='lat' dir='ltr'>arborum</span> <span class='ocrx_word' id='word_1_59' title='bbox 837 1925 868 1972; x_wconf 90' lang='lat' dir='ltr'>&#39;et</span> <span class='ocrx_word' id='word_1_60' title='bbox 886 1922 1009 1973; x_wconf 90' lang='lat' dir='ltr'>utilitate</span> <span class='ocrx_word' id='word_1_61' title='bbox 1027 1922 1173 1973; x_wconf 77' lang='lat' dir='ltr'>enesionis.</span> 
     </span>
     <span class='ocr_line' id='line_1_13' title="bbox 383 2004 1080 2071; baseline 0.003 -16"><span class='ocrx_word' id='word_1_62' title='bbox 383 2005 452 2055; x_wconf 90' lang='lat' dir='ltr'>XIII</span> <span class='ocrx_word' id='word_1_63' title='bbox 469 2005 512 2054; x_wconf 92' lang='lat' dir='ltr'>De</span> <span class='ocrx_word' id='word_1_64' title='bbox 532 2004 640 2054; x_wconf 82' lang='lat' dir='ltr'>fabrica</span> <span class='ocrx_word' id='word_1_65' title='bbox 657 2004 742 2055; x_wconf 81' lang='lat' dir='ltr'>villae</span> <span class='ocrx_word' id='word_1_66' title='bbox 760 2007 882 2056; x_wconf 84' lang='lat' dir='ltr'>rusticae</span> <span class='ocrx_word' id='word_1_67' title='bbox 900 2006 1080 2071; x_wconf 83' lang='lat' dir='ltr'>disponenda.</span> 
     </span>
     <span class='ocr_line' id='line_1_14' title="bbox 389 2087 954 2155; baseline 0.002 -16"><span class='ocrx_word' id='word_1_68' title='bbox 389 2090 453 2139; x_wconf 91' lang='lat' dir='ltr'>XIV</span> <span class='ocrx_word' id='word_1_69' title='bbox 470 2091 514 2139; x_wconf 93' lang='lat' dir='ltr'>De</span> <span class='ocrx_word' id='word_1_70' title='bbox 534 2087 716 2155; x_wconf 88' lang='lat' dir='ltr'>dispositione</span> <span class='ocrx_word' id='word_1_71' title='bbox 736 2091 827 2155; x_wconf 88' lang='lat' dir='ltr'>operis</span> <span class='ocrx_word' id='word_1_72' title='bbox 844 2091 954 2142; x_wconf 68' lang='lat' dir='ltr'>urbani.</span> 
     </span>
     <span class='ocr_line' id='line_1_15' title="bbox 401 2172 879 2231; baseline 0 -6"><span class='ocrx_word' id='word_1_73' title='bbox 401 2175 452 2225; x_wconf 90' lang='lat' dir='ltr'>XV</span> <span class='ocrx_word' id='word_1_74' title='bbox 470 2176 513 2224; x_wconf 90' lang='lat' dir='ltr'>De</span> <span class='ocrx_word' id='word_1_75' title='bbox 533 2175 667 2223; x_wconf 89' lang='lat' dir='ltr'>mensuris</span> <span class='ocrx_word' id='word_1_76' title='bbox 685 2172 879 2231; x_wconf 85' lang='lat' dir='ltr'>aedificiorum,</span> 
     </span>
     <span class='ocr_line' id='line_1_16' title="bbox 388 2258 832 2311; baseline -0.005 0"><span class='ocrx_word' id='word_1_77' title='bbox 388 2261 455 2311; x_wconf 91' lang='lat' dir='ltr'>XVI</span> <span class='ocrx_word' id='word_1_78' title='bbox 472 2260 515 2309; x_wconf 91' lang='lat' dir='ltr'>De</span> <span class='ocrx_word' id='word_1_79' title='bbox 533 2258 643 2308; x_wconf 80' lang='lat' dir='ltr'>fabrica</span> <span class='ocrx_word' id='word_1_80' title='bbox 661 2258 832 2310; x_wconf 83' lang='lat' dir='ltr'>balnearum.</span> 
     </span>
     <span class='ocr_line' id='line_1_17' title="bbox 371 2343 834 2396; baseline -0.009 0"><span class='ocrx_word' id='word_1_81' title='bbox 371 2344 510 2396; x_wconf 73' lang='lat' dir='ltr'>xviros</span> <span class='ocrx_word' id='word_1_82' title='bbox 529 2344 645 2393; x_wconf 84' lang='lat' dir='ltr'>cameris</span> <span class='ocrx_word' id='word_1_83' title='bbox 663 2343 834 2394; x_wconf 84' lang='lat' dir='ltr'>balnearum.</span> 
     </span>
     <span class='ocr_line' id='line_1_18' title="bbox 359 2428 991 2494; baseline 0.002 -15"><span class='ocrx_word' id='word_1_84' title='bbox 359 2430 453 2482; x_wconf 88' lang='lat' dir='ltr'>XVIII</span> <span class='ocrx_word' id='word_1_85' title='bbox 470 2430 513 2479; x_wconf 91' lang='lat' dir='ltr'>De</span> <span class='ocrx_word' id='word_1_86' title='bbox 530 2428 746 2493; x_wconf 80' lang='lat' dir='ltr'>expolitionibus</span> <span class='ocrx_word' id='word_1_87' title='bbox 764 2430 991 2494; x_wconf 83' lang='lat' dir='ltr'>pavimentorum.</span> 
     </span>
     <span class='ocr_line' id='line_1_19' title="bbox 386 2514 1205 2586; baseline 0.001 -21"><span class='ocrx_word' id='word_1_88' title='bbox 386 2516 452 2565; x_wconf 90' lang='lat' dir='ltr'>XIX</span> <span class='ocrx_word' id='word_1_89' title='bbox 469 2515 513 2565; x_wconf 94' lang='lat' dir='ltr'>De</span> <span class='ocrx_word' id='word_1_90' title='bbox 531 2514 697 2586; x_wconf 80' lang='lat' dir='ltr'>pavimentis</span> <span class='ocrx_word' id='word_1_91' title='bbox 715 2528 798 2579; x_wconf 88' lang='lat' dir='ltr'>super</span> <span class='ocrx_word' id='word_1_92' title='bbox 817 2516 1042 2577; x_wconf 76' lang='lat' dir='ltr'>contignationes</span> <span class='ocrx_word' id='word_1_93' title='bbox 1060 2514 1205 2566; x_wconf 81' lang='lat' dir='ltr'>faciendis.</span> 
     </span>
     <span class='ocr_line' id='line_1_20' title="bbox 403 2598 1003 2664; baseline 0.003 -15"><span class='ocrx_word' id='word_1_94' title='bbox 403 2601 454 2649; x_wconf 92' lang='lat' dir='ltr'>XX</span> <span class='ocrx_word' id='word_1_95' title='bbox 472 2600 515 2649; x_wconf 89' lang='lat' dir='ltr'>De</span> <span class='ocrx_word' id='word_1_96' title='bbox 534 2598 611 2649; x_wconf 87' lang='lat' dir='ltr'>calce</span> <span class='ocrx_word' id='word_1_97' title='bbox 629 2599 773 2663; x_wconf 84' lang='lat' dir='ltr'>probando.</span> <span class='ocrx_word' id='word_1_98' title='bbox 791 2600 869 2664; x_wconf 91' lang='lat' dir='ltr'>operi</span> <span class='ocrx_word' id='word_1_99' title='bbox 888 2600 1003 2651; x_wconf 88' lang='lat' dir='ltr'>albario.</span> 
     </span>
     <span class='ocr_line' id='line_1_21' title="bbox 389 2684 814 2738; baseline 0 -4"><span class='ocrx_word' id='word_1_100' title='bbox 389 2686 455 2734; x_wconf 90' lang='lat' dir='ltr'>XXI</span> <span class='ocrx_word' id='word_1_101' title='bbox 472 2684 514 2733; x_wconf 92' lang='lat' dir='ltr'>De</span> <span class='ocrx_word' id='word_1_102' title='bbox 535 2684 651 2734; x_wconf 87' lang='lat' dir='ltr'>cameris</span> <span class='ocrx_word' id='word_1_103' title='bbox 669 2684 814 2738; x_wconf 75' lang='lat' dir='ltr'>conuiciis.</span> 
     </span>
     <span class='ocr_line' id='line_1_22' title="bbox 374 2768 1136 2834; baseline 0.001 -15"><span class='ocrx_word' id='word_1_104' title='bbox 374 2769 456 2819; x_wconf 91' lang='lat' dir='ltr'>XXII</span> <span class='ocrx_word' id='word_1_105' title='bbox 472 2770 516 2819; x_wconf 90' lang='lat' dir='ltr'>De</span> <span class='ocrx_word' id='word_1_106' title='bbox 533 2768 714 2834; x_wconf 89' lang='lat' dir='ltr'>politionibus</span> <span class='ocrx_word' id='word_1_107' title='bbox 732 2770 868 2834; x_wconf 82' lang='lat' dir='ltr'>parietum</span> <span class='ocrx_word' id='word_1_108' title='bbox 888 2769 1136 2821; x_wconf 83' lang='lat' dir='ltr'>caementiciornm.</span> 
     </span>
     <span class='ocr_line' id='line_1_23' title="bbox 357 2854 783 2917; baseline -0.005 -13"><span class='ocrx_word' id='word_1_109' title='bbox 357 2855 452 2904; x_wconf 92' lang='lat' dir='ltr'>XXIII</span> <span class='ocrx_word' id='word_1_110' title='bbox 470 2856 512 2904; x_wconf 91' lang='lat' dir='ltr'>De</span> <span class='ocrx_word' id='word_1_111' title='bbox 530 2867 612 2917; x_wconf 90' lang='lat' dir='ltr'>opere</span> <span class='ocrx_word' id='word_1_112' title='bbox 631 2854 783 2904; x_wconf 80' lang='lat' dir='ltr'>coronario.</span> 
     </span>
     <span class='ocr_line' id='line_1_24' title="bbox 360 2938 1295 3002; baseline 0.002 -14"><span class='ocrx_word' id='word_1_113' title='bbox 360 2938 451 2988; x_wconf 87' lang='lat' dir='ltr'>XXIV</span> <span class='ocrx_word' id='word_1_114' title='bbox 469 2938 511 2987; x_wconf 92' lang='lat' dir='ltr'>De</span> <span class='ocrx_word' id='word_1_115' title='bbox 529 2938 682 3002; x_wconf 87' lang='lat' dir='ltr'>parietibus</span> <span class='ocrx_word' id='word_1_116' title='bbox 701 2939 890 2988; x_wconf 81' lang='lat' dir='ltr'>caementiciis</span> <span class='ocrx_word' id='word_1_117' title='bbox 908 2938 1027 2989; x_wconf 89' lang='lat' dir='ltr'>humidis</span> <span class='ocrx_word' id='word_1_118' title='bbox 1045 2939 1114 2989; x_wconf 87' lang='lat' dir='ltr'>loeis</span> <span class='ocrx_word' id='word_1_119' title='bbox 1132 2939 1295 2990; x_wconf 86' lang='lat' dir='ltr'>solidandis.</span> 
     </span>
     <span class='ocr_line' id='line_1_25' title="bbox 376 3022 1274 3088; baseline 0.004 -16"><span class='ocrx_word' id='word_1_120' title='bbox 376 3022 453 3074; x_wconf 89' lang='lat' dir='ltr'>XXV</span> <span class='ocrx_word' id='word_1_121' title='bbox 471 3023 608 3073; x_wconf 80' lang='lat' dir='ltr'>Triclinia</span> <span class='ocrx_word' id='word_1_122' title='bbox 625 3022 741 3073; x_wconf 81' lang='lat' dir='ltr'>hiberno</span> <span class='ocrx_word' id='word_1_123' title='bbox 759 3023 908 3073; x_wconf 89' lang='lat' dir='ltr'>minoribus</span> <span class='ocrx_word' id='word_1_124' title='bbox 926 3025 1042 3088; x_wconf 81' lang='lat' dir='ltr'>picturis</span> <span class='ocrx_word' id='word_1_125' title='bbox 1060 3039 1123 3075; x_wconf 89' lang='lat' dir='ltr'>esse</span> <span class='ocrx_word' id='word_1_126' title='bbox 1141 3024 1274 3076; x_wconf 81' lang='lat' dir='ltr'>ornanda.</span> 
     </span>
     <span class='ocr_line' id='line_1_26' title="bbox 359 3107 979 3175; baseline 0.003 -17"><span class='ocrx_word' id='word_1_127' title='bbox 359 3108 451 3159; x_wconf 89' lang='lat' dir='ltr'>XXVI</span> <span class='ocrx_word' id='word_1_128' title='bbox 469 3109 634 3159; x_wconf 84' lang='lat' dir='ltr'>Pavimenta</span> <span class='ocrx_word' id='word_1_129' title='bbox 652 3111 683 3156; x_wconf 88' lang='lat' dir='ltr'>nt</span> <span class='ocrx_word' id='word_1_130' title='bbox 700 3107 730 3156; x_wconf 92' lang='lat' dir='ltr'>in</span> <span class='ocrx_word' id='word_1_131' title='bbox 747 3107 837 3158; x_wconf 88' lang='lat' dir='ltr'>hieme</span> <span class='ocrx_word' id='word_1_132' title='bbox 855 3109 979 3175; x_wconf 82' lang='lat' dir='ltr'>tepeant.</span> 
     </span>
     <span class='ocr_line' id='line_1_27' title="bbox 347 3193 828 3258; baseline 0.002 -14"><span class='ocrx_word' id='word_1_133' title='bbox 347 3193 453 3245; x_wconf 88' lang='lat' dir='ltr'>XXVH</span> <span class='ocrx_word' id='word_1_134' title='bbox 470 3195 513 3243; x_wconf 91' lang='lat' dir='ltr'>De</span> <span class='ocrx_word' id='word_1_135' title='bbox 524 3193 680 3258; x_wconf 71' lang='lat' dir='ltr'>‘generibus</span> <span class='ocrx_word' id='word_1_136' title='bbox 699 3193 828 3245; x_wconf 83' lang='lat' dir='ltr'>colorum.</span> 
     </span>
     <span class='ocr_line' id='line_1_28' title="bbox 331 3276 834 3330; baseline -0.002 -3"><span class='ocrx_word' id='word_1_137' title='bbox 331 3278 453 3330; x_wconf 88' lang='lat' dir='ltr'>XXVIII</span> <span class='ocrx_word' id='word_1_138' title='bbox 471 3276 514 3328; x_wconf 94' lang='lat' dir='ltr'>De</span> <span class='ocrx_word' id='word_1_139' title='bbox 532 3293 645 3328; x_wconf 87' lang='lat' dir='ltr'>normae</span> <span class='ocrx_word' id='word_1_140' title='bbox 663 3278 834 3328; x_wconf 84' lang='lat' dir='ltr'>inventione.</span> 
     </span>
     <span class='ocr_line' id='line_1_29' title="bbox 359 3362 864 3427; baseline -0.002 -16"><span class='ocrx_word' id='word_1_141' title='bbox 359 3362 452 3412; x_wconf 91' lang='lat' dir='ltr'>XXIX</span> <span class='ocrx_word' id='word_1_142' title='bbox 469 3363 512 3411; x_wconf 92' lang='lat' dir='ltr'>De</span> <span class='ocrx_word' id='word_1_143' title='bbox 530 3362 666 3427; x_wconf 84' lang='lat' dir='ltr'>horologii</span> <span class='ocrx_word' id='word_1_144' title='bbox 683 3363 864 3412; x_wconf 89' lang='lat' dir='ltr'>institutione.</span> 
     </span>
     <span class='ocr_line' id='line_1_30' title="bbox 377 3445 907 3496; baseline 0.004 -1"><span class='ocrx_word' id='word_1_145' title='bbox 377 3445 455 3495; x_wconf 87' lang='lat' dir='ltr'>XXX</span> <span class='ocrx_word' id='word_1_146' title='bbox 472 3446 515 3494; x_wconf 91' lang='lat' dir='ltr'>De</span> <span class='ocrx_word' id='word_1_147' title='bbox 534 3446 625 3495; x_wconf 87' lang='lat' dir='ltr'>maltis</span> <span class='ocrx_word' id='word_1_148' title='bbox 644 3445 771 3496; x_wconf 88' lang='lat' dir='ltr'>diversis.</span> <span class='ocrx_word' id='word_1_149' title='bbox 800 3485 803 3488; x_wconf 88' lang='lat'>.</span> <span class='ocrx_word' id='word_1_150' title='bbox 904 3454 907 3459; x_wconf 89' lang='lat'>&#39;</span> 
     </span>
    </p>
   </div>
   <div class='ocr_carea' id='block_1_2' title="bbox 686 3565 1025 3800">
    <p class='ocr_par' dir='ltr' id='par_1_2' title="bbox 686 3565 1025 3800">
     <span class='ocr_line' id='line_1_31' title="bbox 688 3565 1025 3616; baseline 0.006 -2"><span class='ocrx_word' id='word_1_151' title='bbox 688 3565 748 3616; x_wconf 84' lang='lat' dir='ltr'>Ood.</span> <span class='ocrx_word' id='word_1_152' title='bbox 770 3565 916 3615; x_wconf 75' lang='lat' dir='ltr'>Valentior.</span> <span class='ocrx_word' id='word_1_153' title='bbox 951 3585 986 3609; x_wconf 97' lang='lat'><strong><em>=</em></strong></span> <span class='ocrx_word' id='word_1_154' title='bbox 1002 3583 1025 3616; x_wconf 86' lang='lat' dir='ltr'>o.</span> 
     </span>
     <span class='ocr_line' id='line_1_32' title="bbox 687 3650 1025 3715; baseline -0.003 -15"><span class='ocrx_word' id='word_1_155' title='bbox 687 3650 748 3700; x_wconf 84' lang='lat' dir='ltr'>Cod.</span> <span class='ocrx_word' id='word_1_156' title='bbox 767 3651 920 3700; x_wconf 76' lang='lat' dir='ltr'>Pithoeunus</span> <span class='ocrx_word' id='word_1_157' title='bbox 948 3669 983 3693; x_wconf 92' lang='lat'><strong><em>=</em></strong></span> <span class='ocrx_word' id='word_1_158' title='bbox 998 3667 1025 3715; x_wconf 84' lang='lat' dir='ltr'>p.</span> 
     </span>
     <span class='ocr_line' id='line_1_33' title="bbox 686 3734 1024 3800; baseline 0.009 -16"><span class='ocrx_word' id='word_1_159' title='bbox 686 3734 747 3785; x_wconf 83' lang='lat' dir='ltr'>Cod.</span> <span class='ocrx_word' id='word_1_160' title='bbox 766 3737 895 3786; x_wconf 77' lang='lat' dir='ltr'>Gudianus</span> <span class='ocrx_word' id='word_1_161' title='bbox 949 3755 984 3778; x_wconf 92' lang='lat'><strong><em>=</em></strong></span> <span class='ocrx_word' id='word_1_162' title='bbox 999 3751 1024 3800; x_wconf 74' lang='lat'>9.</span> 
     </span>
    </p>
   </div>
   <div class='ocr_carea' id='block_1_3' title="bbox 330 3852 1478 4089">
    <p class='ocr_par' dir='ltr' id='par_1_3' title="bbox 330 3852 1478 4089">
     <span class='ocr_line' id='line_1_34' title="bbox 403 3852 1478 3920; baseline 0.003 -17"><span class='ocrx_word' id='word_1_163' title='bbox 403 3852 498 3904; x_wconf 79' lang='lat' dir='ltr'>Titulus</span> <span class='ocrx_word' id='word_1_164' title='bbox 514 3855 566 3906; x_wconf 79' lang='lat' dir='ltr'>ric:</span> <span class='ocrx_word' id='word_1_165' title='bbox 593 3853 696 3918; x_wconf 90' lang='lat' dir='ltr'>Incipit</span> <span class='ocrx_word' id='word_1_166' title='bbox 714 3853 747 3903; x_wconf 91' lang='lat' dir='ltr'>de</span> <span class='ocrx_word' id='word_1_167' title='bbox 765 3853 883 3903; x_wconf 89' lang='lat' dir='ltr'>diversis</span> <span class='ocrx_word' id='word_1_168' title='bbox 901 3853 1017 3902; x_wconf 86' lang='lat' dir='ltr'>fabricis</span> <span class='ocrx_word' id='word_1_169' title='bbox 1036 3852 1251 3918; x_wconf 77' lang='lat' dir='ltr'>architectonice</span> <span class='ocrx_word' id='word_1_170' title='bbox 1267 3870 1297 3918; x_wconf 80' lang='lat' dir='ltr'>p.</span> <span class='ocrx_word' id='word_1_171' title='bbox 1334 3855 1478 3920; x_wconf 91' lang='lat' dir='ltr'>Incipiunt</span> 
     </span>
     <span class='ocr_line' id='line_1_35' title="bbox 333 3935 1474 4005; baseline 0.001 -15"><span class='ocrx_word' id='word_1_172' title='bbox 333 3939 457 4005; x_wconf 88' lang='lat' dir='ltr'>capitula</span> <span class='ocrx_word' id='word_1_173' title='bbox 479 3939 548 3988; x_wconf 88' lang='lat' dir='ltr'>artis</span> <span class='ocrx_word' id='word_1_174' title='bbox 571 3938 787 3988; x_wconf 84' lang='lat' dir='ltr'>architectonice</span> <span class='ocrx_word' id='word_1_175' title='bbox 811 3939 844 3988; x_wconf 92' lang='lat' dir='ltr'>de</span> <span class='ocrx_word' id='word_1_176' title='bbox 868 3938 987 3988; x_wconf 85' lang='lat' dir='ltr'>diversis</span> <span class='ocrx_word' id='word_1_177' title='bbox 1004 3935 1127 4002; x_wconf 48' lang='lat' dir='ltr'>{fabricis</span> <span class='ocrx_word' id='word_1_178' title='bbox 1152 3954 1174 3987; x_wconf 85' lang='grc' dir='ltr'>υ.</span> <span class='ocrx_word' id='word_1_179' title='bbox 1196 3941 1251 3987; x_wconf 79' lang='lat' dir='ltr'>sine</span> <span class='ocrx_word' id='word_1_180' title='bbox 1273 3940 1312 3989; x_wconf 77' lang='lat' dir='ltr'>tie.</span> <span class='ocrx_word' id='word_1_181' title='bbox 1333 3939 1354 3988; x_wconf 81' lang='lat' dir='ltr'><em>G</em></span> <span class='ocrx_word' id='word_1_182' title='bbox 1372 3939 1474 4003; x_wconf 73' lang='lat' dir='ltr'>(adeor.</span> 
     </span>
     <span class='ocr_line' id='line_1_36' title="bbox 330 4022 1362 4089; baseline 0.001 -14"><span class='ocrx_word' id='word_1_183' title='bbox 330 4029 364 4075; x_wconf 87' lang='lat' dir='ltr'>ul.</span> <span class='ocrx_word' id='word_1_184' title='bbox 382 4041 413 4077; x_wconf 88' lang='lat' dir='ltr'>m.</span> <span class='ocrx_word' id='word_1_185' title='bbox 447 4024 591 4089; x_wconf 88' lang='lat' dir='ltr'>Incipiunt</span> <span class='ocrx_word' id='word_1_186' title='bbox 608 4022 753 4087; x_wconf 87' lang='lat' dir='ltr'>capitula).</span> <span class='ocrx_word' id='word_1_187' title='bbox 788 4038 904 4074; x_wconf 82' lang='lat' dir='ltr'>numeros</span> <span class='ocrx_word' id='word_1_188' title='bbox 921 4024 1087 4087; x_wconf 80' lang='lat' dir='ltr'>capitulorum</span> <span class='ocrx_word' id='word_1_189' title='bbox 1103 4022 1197 4072; x_wconf 76' lang='lat' dir='ltr'>tabent</span> <span class='ocrx_word' id='word_1_190' title='bbox 1213 4038 1253 4086; x_wconf 87' lang='lat' dir='ltr'>op,</span> <span class='ocrx_word' id='word_1_191' title='bbox 1272 4038 1318 4073; x_wconf 89' lang='lat' dir='ltr'>om.</span> <span class='ocrx_word' id='word_1_192' title='bbox 1336 4039 1362 4088; x_wconf 75' lang='grc'>9.</span> 
     </span>
    </p>
   </div>
   <div class='ocr_carea' id='block_1_4' title="bbox 328 4137 1477 4463">
    <p class='ocr_par' dir='ltr' id='par_1_4' title="bbox 328 4137 1477 4463">
     <span class='ocr_line' id='line_1_37' title="bbox 399 4137 1477 4208; baseline -0.001 -15"><span class='ocrx_word' id='word_1_193' title='bbox 399 4144 415 4193; x_wconf 83' lang='grc'>5</span> <span class='ocrx_word' id='word_1_194' title='bbox 436 4142 575 4208; x_wconf 69' lang='lat' dir='ltr'>probando</span> <span class='ocrx_word' id='word_1_195' title='bbox 596 4157 632 4207; x_wconf 79' lang='lat' dir='ltr'>pp</span> <span class='ocrx_word' id='word_1_196' title='bbox 655 4140 724 4204; x_wconf 80' lang='lat' dir='ltr'>(item</span> <span class='ocrx_word' id='word_1_197' title='bbox 746 4142 818 4204; x_wconf 81' lang='lat' dir='ltr'>infra</span> <span class='ocrx_word' id='word_1_198' title='bbox 839 4144 866 4190; x_wconf 84' lang='lat' dir='ltr'>in</span> <span class='ocrx_word' id='word_1_199' title='bbox 883 4148 957 4191; x_wconf 77' lang='lat' dir='ltr'>testu</span> <span class='ocrx_word' id='word_1_200' title='bbox 971 4139 1011 4206; x_wconf 80' lang='lat' dir='ltr'>p).</span> <span class='ocrx_word' id='word_1_201' title='bbox 1034 4137 1046 4206; x_wconf 86' lang='grc' dir='ltr'>ΙΙ</span> <span class='ocrx_word' id='word_1_202' title='bbox 1076 4142 1107 4191; x_wconf 83' lang='grc'>13</span> <span class='ocrx_word' id='word_1_203' title='bbox 1131 4140 1331 4206; x_wconf 85' lang='lat' dir='ltr'>quodponeuda</span> <span class='ocrx_word' id='word_1_204' title='bbox 1352 4142 1379 4190; x_wconf 82' lang='lat' dir='ltr'>in</span> <span class='ocrx_word' id='word_1_205' title='bbox 1401 4149 1477 4192; x_wconf 71' lang='lat' dir='ltr'>textu</span> 
     </span>
     <span class='ocr_line' id='line_1_38' title="bbox 328 4220 1477 4293; baseline 0.001 -18"><span class='ocrx_word' id='word_1_206' title='bbox 328 4245 360 4292; x_wconf 84' lang='lat' dir='ltr'>p.</span> <span class='ocrx_word' id='word_1_207' title='bbox 380 4223 393 4293; x_wconf 78' lang='grc' dir='ltr'>ΙΙ</span> <span class='ocrx_word' id='word_1_208' title='bbox 417 4228 449 4276; x_wconf 91' lang='grc'>18</span> <span class='ocrx_word' id='word_1_209' title='bbox 468 4227 685 4292; x_wconf 82' lang='lat' dir='ltr'>expolitionibus</span> <span class='ocrx_word' id='word_1_210' title='bbox 702 4229 825 4278; x_wconf 75' lang='lat' dir='ltr'>Poleour:</span> <span class='ocrx_word' id='word_1_211' title='bbox 849 4227 1068 4291; x_wconf 82' lang='lat' dir='ltr'>expositionibus</span> <span class='ocrx_word' id='word_1_212' title='bbox 1087 4242 1136 4291; x_wconf 75' lang='lat' dir='ltr'>opp</span> <span class='ocrx_word' id='word_1_213' title='bbox 1154 4227 1223 4290; x_wconf 82' lang='lat' dir='ltr'>(item</span> <span class='ocrx_word' id='word_1_214' title='bbox 1240 4228 1266 4275; x_wconf 84' lang='lat' dir='ltr'>in</span> <span class='ocrx_word' id='word_1_215' title='bbox 1283 4225 1378 4290; x_wconf 73' lang='lat' dir='ltr'>textu).</span> <span class='ocrx_word' id='word_1_216' title='bbox 1403 4223 1415 4292; x_wconf 80' lang='grc' dir='ltr'><strong>Η</strong></span> <span class='ocrx_word' id='word_1_217' title='bbox 1444 4220 1477 4276; x_wconf 80' lang='grc'>19“</span> 
     </span>
     <span class='ocr_line' id='line_1_39' title="bbox 331 4307 1476 4377; baseline -0.002 -15"><span class='ocrx_word' id='word_1_218' title='bbox 331 4327 415 4377; x_wconf 85' lang='lat' dir='ltr'>supra</span> <span class='ocrx_word' id='word_1_219' title='bbox 433 4307 508 4376; x_wconf 74' lang='lat' dir='ltr'>(con</span> <span class='ocrx_word' id='word_1_220' title='bbox 527 4314 588 4362; x_wconf 88' lang='lat' dir='ltr'>add.</span> <span class='ocrx_word' id='word_1_221' title='bbox 607 4310 817 4377; x_wconf 80' lang='lat' dir='ltr'>v⁶)tignstiones</span> <span class='ocrx_word' id='word_1_222' title='bbox 834 4329 856 4361; x_wconf 88' lang='lat' dir='ltr'>o.</span> <span class='ocrx_word' id='word_1_223' title='bbox 879 4307 891 4377; x_wconf 82' lang='grc' dir='ltr'>ΙΙ</span> <span class='ocrx_word' id='word_1_224' title='bbox 918 4313 950 4360; x_wconf 81' lang='lat'>21</span> <span class='ocrx_word' id='word_1_225' title='bbox 970 4311 1088 4362; x_wconf 86' lang='lat' dir='ltr'>camaris</span> <span class='ocrx_word' id='word_1_226' title='bbox 1103 4327 1131 4375; x_wconf 88' lang='lat' dir='ltr'>p.</span> <span class='ocrx_word' id='word_1_227' title='bbox 1154 4307 1166 4376; x_wconf 86' lang='grc' dir='ltr'>ΙΙ</span> <span class='ocrx_word' id='word_1_228' title='bbox 1193 4312 1226 4360; x_wconf 82' lang='lat'>24</span> <span class='ocrx_word' id='word_1_229' title='bbox 1247 4308 1396 4360; x_wconf 80' lang='lat' dir='ltr'>solidastis</span> <span class='ocrx_word' id='word_1_230' title='bbox 1413 4327 1440 4374; x_wconf 90' lang='lat' dir='ltr'>p.</span> <span class='ocrx_word' id='word_1_231' title='bbox 1462 4307 1476 4375; x_wconf 84' lang='grc' dir='ltr'>ΙΙ</span> 
     </span>
     <span class='ocr_line' id='line_1_40' title="bbox 331 4397 549 4463; baseline -0.005 -15"><span class='ocrx_word' id='word_1_232' title='bbox 331 4399 364 4448; x_wconf 87' lang='grc'>30</span> <span class='ocrx_word' id='word_1_233' title='bbox 381 4397 475 4446; x_wconf 87' lang='lat' dir='ltr'>maltis</span> <span class='ocrx_word' id='word_1_234' title='bbox 491 4413 549 4463; x_wconf 77' lang='lat' dir='ltr'>opp.</span> 
     </span>
    </p>
   </div>
   <div class='ocr_carea' id='block_1_5' title="bbox 0 0 1896 5625">
    <p class='ocr_par' dir='ltr' id='par_1_5' title="bbox 0 0 1896 5625">
     <span class='ocr_line' id='line_1_41' title="bbox 0 0 1896 5625; baseline 0 6"><span class='ocrx_word' id='word_1_235' title='bbox 0 0 1896 5625; x_wconf 95' lang='lat' dir='ltr'> </span> 
     </span>
    </p>
   </div>
  </div>
 </body>
</html>
