3784 5625
697 668 743 714 na
766 668 1035 715 Ancurrnoruun
1058 670 1127 714 nm.
1151 676 1185 715 x.
1447 654 1510 717 279

367 821 488 909 pedali,
505 829 673 885 contractu
687 844 707 883 a
722 823 830 907 capite
845 823 880 884 in
895 819 1069 885 latitudine
1084 820 1188 907 pedis,
1205 822 1424 886 crassitudine
1434 841 1508 889 ετ.

335 928 396 989 eis
418 933 526 987 autem
548 925 635 986 aries
657 922 815 986 habuerat
837 921 878 984 de
901 921 987 987 ferro
1010 922 1091 986 duro
1113 932 1254 987 rostrum
1277 925 1322 987 ita
1343 925 1392 987 uti
1408 946 1509 988 naves

367 1025 483 1109 longae
505 1024 611 1088 solent
633 1023 763 1105 habere,
788 1031 819 1086 et
842 1044 884 1085 ex
906 1024 978 1108 ipso
1000 1034 1105 1088 rostro
1128 1023 1301 1088 lamminae
1315 1024 1440 1087 ferreae
1456 1043 1510 1088 1111

368 1128 498 1190 circiter
519 1126 639 1212 pedum
662 1142 709 1187 xv
730 1125 816 1188 fixae
837 1124 967 1188 fuerant
989 1126 1023 1188 in
1045 1124 1190 1189 materia.
1232 1150 1252 1189 a
1274 1129 1381 1213 capite
1401 1136 1509 1191 autern

367 1228 410 1292 ad
436 1230 534 1291 imam
563 1226 684 1290 calcem
710 1227 794 1311 tigni
822 1227 965 1291 contenti
993 1226 1125 1291 fuerunt
1152 1226 1245 1291 funes
1268 1246 1323 1292 1111
1354 1230 1543 1297 crassitut

368 1329 444 1393 dine
467 1328 644 1413 digitorum
659 1346 735 1409 vm,
758 1330 805 1391 ita
826 1326 958 1413 religati
981 1328 1253 1414 quemadmodum
1275 1330 1353 1392 navi
1373 1352 1393 1391 a
1408 1331 1509 1415 puppi

367 1430 409 1493 ad
431 1453 559 1517 proram
588 1432 806 1510 continenter,
836 1432 930 1516 eique
958 1429 1053 1494 funes
1075 1432 1300 1516 praecinctura
1322 1440 1510 1495 transversa

367 1542 458 1596 erant
485 1532 579 1615 ligati
607 1531 747 1595 habente
774 1531 860 1593 inter
888 1554 922 1595 se
950 1529 1182 1617 palmipedalia
1216 1533 1331 1617 spatia.
1376 1534 1510 1619 insuper

367 1635 462 1697 coriis
491 1632 600 1696 crudis
633 1641 720 1697 totus
748 1632 831 1695 aries
860 1641 929 1696 erat
957 1633 1134 1697 involutus.
1184 1655 1226 1695 ex
1254 1634 1372 1719 quibus
1400 1643 1509 1698 autem

366 1735 498 1799 funibus
520 1733 694 1821 pendebat,
719 1756 830 1798 eorum
852 1735 960 1820 capita
982 1733 1115 1798 fuerunt
1138 1755 1180 1797 ex
1202 1734 1289 1799 forro
1310 1734 1416 1800 factae
1432 1758 1508 1822 qua·
1528 1757 1561 1805 10

333 1855 347 1902 7
366 1824 527 1922 druplices
551 1845 695 1918 catenae,
720 1845 751 1899 et
773 1837 863 1921 ipsae
879 1837 977 1900 coriis
994 1836 1104 1900 crudis
1121 1845 1213 1899 erant
1228 1836 1407 1902 involutae.
1429 1840 1509 1901 item

365 1937 522 2001 habuerat
544 1939 729 2023 proiectura
751 1937 819 1999 eius
837 1958 879 1999 ex
893 1936 1015 2002 tabulis
1038 1960 1147 2001 arcam
1169 1948 1370 2025 compactam
1386 1950 1418 2004 et
1434 1962 1508 2004 con-

364 2041 475 2123 fixam,
486 2041 521 2103 in
537 2061 600 2125 qua
611 2041 722 2123 <rete>
732 2038 926 2102 rudentibus
938 2037 1117 2104 maioribus
1133 2042 1287 2124 extentis,
1302 2063 1360 2128 per
1372 2064 1509 2127 quorum

364 2144 556 2229 asperitates
568 2162 632 2204 non
644 2139 828 2205 labentibus
841 2139 981 2228 pedibus
993 2140 1133 2205 faciliter
1147 2142 1189 2205 ad
1200 2164 1328 2205 murum
1340 2144 1508 2228 pervenie-

364 2244 469 2309 batur.
513 2251 610 2329 atque
633 2263 671 2305 ea
692 2242 924 2305 machina'sex
947 2242 1052 2306 modis
1081 2243 1289 2325 movebatur,
1320 2243 1506 2329 progressu,
1527 2266 1559 2315 15

364 2346 442 2408 item
464 2343 565 2408 latere
587 2344 704 2407 dextra
726 2352 758 2407 et
781 2344 925 2423 sinistra,
948 2344 1153 2429 porrectione
1174 2365 1240 2406 non
1262 2344 1371 2408 minus
1386 2345 1420 2407 in
1435 2342 1508 2408 alti·

364 2446 510 2510 tudinem
533 2443 751 2520 extollebatur
779 2445 868 2508 etin
895 2444 996 2507 imum
1024 2443 1235 2509 inclinatione
1263 2444 1507 2508 demittebatur.

365 2547 550 2631 erigebatur
582 2557 690 2611 autem
722 2546 872 2608 machina
904 2546 938 2607 in
969 2545 1177 2610 altitudinem
1211 2545 1254 2609 ad
1289 2545 1507 2611 disiciendum

363 2671 491 2711 murum
524 2649 653 2711 circiter
680 2648 780 2734 pedes
809 2664 844 2730 c,
878 2648 959 2711 item
984 2669 1004 2710 a
1029 2646 1132 2711 latere
1166 2648 1282 2711 dextra
1309 2669 1349 2710 ac
1375 2650 1509 2712 sinistra

363 2750 582 2837 procurrendo
605 2743 868 2837 praestringebat
889 2771 955 2812 non
969 2750 1077 2815 minus
1097 2748 1197 2835 pedes
1213 2766 1243 2812 e.
1276 2749 1505 2834 gubernabant
1524 2772 1558 2821 20

365 2875 434 2916 eam
456 2853 602 2916 homines
623 2868 643 2914 e
665 2851 839 2914 habentem
860 2852 989 2938 pondus
1012 2850 1171 2916 talentum
1193 2862 1346 2938 quattuor
1367 2851 1506 2935 milium,

364 2955 449 3040 quod
472 2955 509 3019 fit
531 2943 718 3017 ecocnffi
735 2952 853 3039 pondo.

285 3074 350 3138 tvl)
446 3056 498 3120 De
520 3055 744 3141 scorpionibus
768 3065 800 3118 et
817 3053 988 3140 catapultis
1005 3062 1038 3118 et
1053 3052 1195 3119 ballistis
1213 3057 1377 3141 etiamque
1398 3064 1500 3120 testu·
1519 3091 1600 3141 XXII

431 3284 444 3330 1
464 3281 557 3346 pedali
574 3293 601 3328 ·==
624 3280 676 3330 GH
694 3278 720 3344 (t,
740 3280 767 3338 (ξι
782 3277 825 3340 hl.
849 3276 861 3346 (Ι
884 3279 1032 3329 contractu
1051 3274 1108 3342 (etc)
1130 3278 1182 3328 GH
1199 3276 1368 3340 (contractus
1386 3279 1476 3342 Marx).
1490 3276 1504 3345 Η

362 3365 507 3415 latitudine
534 3368 604 3424 loc,
635 3365 784 3416 altitudine
812 3365 870 3415 GH.
899 3360 911 3430 Ι(
939 3379 987 3427 pes
1010 3369 1027 3426 ξξ
1050 3364 1234 3414 crassitudine
1254 3363 1298 3416 .S.
1315 3365 1350 3425 ’ξ’
1372 3361 1420 3428 (sic
1442 3364 1505 3428 HL,

365 3449 440 3498 ,ΒΝ
464 3450 497 3507 G,
527 3450 607 3502 ‚Sar
629 3451 647 3512 l)
669 3450 693 3499 is
722 3450 779 3501 GH.
808 3447 820 3516 ll
849 3453 864 3500 3
891 3453 980 3498 rustro
1002 3449 1038 3499 H.
1066 3444 1078 3514 ΙΙ
1105 3442 1256 3502 lamminae
1282 3447 1361 3514 (—ne
1391 3449 1423 3514 G)
1455 3449 1507 3498 GH

365 3529 443 3592 (Llc).
470 3527 483 3594 l]
510 3533 525 3579 6
552 3533 618 3581 navi
644 3549 703 3596 epo:
732 3535 811 3584 navis
841 3534 899 3585 GH.
928 3529 940 3598 Ι(
968 3535 1048 3598 pupti
1073 3534 1103 3583 H
1128 3532 1165 3600 (et
1192 3541 1251 3583 ante
1278 3549 1347 3584 corr.
1374 3533 1419 3597 L).
1448 3529 1460 3599 ΙΙ
1489 3536 1504 3582 1

364 3613 540 3663 continentur
559 3612 577 3675 (.
590 3612 621 3680 G]
635 3617 687 3679 eiq3
707 3616 787 3666 funes
800 3617 1012 3680 praecincturae
1025 3615 1196 3685 (plcincturc
1210 3618 1241 3682 G)
1255 3619 1422 3669 transversis
1441 3618 1505 3682 (cum

364 3700 373 3747 i
391 3699 418 3746 in
435 3713 487 3746 ras.
508 3696 537 3760 G,
553 3697 617 3759 fort.
634 3714 685 3762 pro
704 3715 729 3760 a,
748 3698 838 3763 —sasl
864 3703 942 3748 erant
959 3701 1071 3766 religati
1094 3702 1133 3764 (H
1150 3719 1203 3752 cum
1221 3702 1281 3759 Llc,
1304 3702 1386 3768 ligati
1405 3702 1437 3765 G)
1455 3703 1504 3751 ha·

363 3782 459 3832 bentes
473 3781 523 3831 GH
536 3780 720 3843 (continenter
739 3817 786 3836 ...
805 3784 1000 3847 praecinctura
1016 3787 1177 3836 transversa
1196 3821 1244 3839 ...
1263 3784 1384 3836 habente
1403 3785 1469 3851 epo).
1489 3782 1502 3850 ll

363 3870 379 3917 8
398 3865 483 3932 palmi
500 3864 625 3930 pedalia:
643 3868 680 3914 sic
700 3863 819 3933 611119
837 3870 911 3917 totus
930 3869 1003 3917 aries
1016 3894 1048 3902 —
1062 3865 1116 3933 (11)
1136 3869 1228 3918 crudis
1245 3885 1292 3920 om.
1311 3872 1342 3920 lc.
1359 3865 1371 3934 ΙΙ
1388 3872 1420 3919 10
1437 3885 1503 3933 peu·

363 3951 448 4001 debat
466 3951 551 4000 Man:
575 3949 676 3999 —bant
695 3950 753 4000 GH.
777 3947 790 4018 [l
812 3953 843 4000 11
868 3957 948 4001 erant
967 3952 1081 4001 Gthch:
1106 3956 1168 4001 erat
1190 3954 1241 4003 GH
1264 3951 1330 4014 (Ll).
1354 3949 1366 4017 1(
1389 3955 1420 4002 12
1444 3967 1505 4016 pro·

361 4037 471 4085 iectura
489 4037 530 4087 ed.
549 4032 638 4097 (rec.):
657 4037 815 4099 protectura
835 4035 893 4088 GH.
918 4032 930 4101 ΙΙ
954 4037 986 4085 13
1002 4036 1088 4099 inqua
1105 4032 1284 4097 rudenltibus
1303 4036 1354 4085 GH
1371 4032 1504 4099 (δίκτυον

362 4121 453 4169 addidi
470 4136 505 4169 cae
524 4117 636 4184 Athea).
659 4115 804 4186 liquorum
827 4120 915 4172 Selia:
943 4114 1059 4183 quarum
1084 4119 1141 4168 GH.
1166 4116 1178 4187 Ι(
1202 4121 1234 4168 14
1251 4118 1410 4170 labentibus
1432 4121 1503 4174 Joc:

362 4203 529 4252 habentibus
544 4203 602 4258 GH.
618 4199 630 4270 Ι(
648 4206 679 4253 15
696 4218 844 4269 progressu
855 4205 911 4256 ert:
928 4217 1075 4267 progresso
1094 4204 1152 4256 GH.
1176 4201 1188 4270 ΙΙ
1211 4205 1242 4254 16
1262 4204 1435 4268 porrectione

363 4275 545 4338 extollebatur
564 4325 609 4340 ...
629 4287 675 4338 de·
693 4289 855 4338 mittebatur
866 4288 937 4339 loc:
955 4287 1145 4352 porrectiones
1163 4323 1208 4341 ...
1230 4288 1435 4338 extollebantur
1454 4325 1502 4342 ...

362 4369 436 4435 di(de
452 4371 496 4437 Ge)
509 4371 692 4422 mittebantur
708 4373 768 4426 GH.
785 4368 798 4438 Ι(
814 4373 852 4422 18·
864 4370 1030 4421 dissiciendo
1046 4368 1188 4436 (—tiendr‘1
1206 4380 1265 4422 ante
1283 4388 1353 4424 corr.
1367 4372 1398 4434 G)
1414 4372 1472 4422 GH.
1487 4369 1502 4436 (Ι

364 4457 395 4506 19
413 4457 539 4521 pedesc:
558 4457 679 4522 p.c.G,
698 4457 827 4507 P.C.H
845 4455 987 4522 (p.c.Ll,
1006 4455 1146 4520 p.c.ct).
1161 4452 1173 4522 ll
1191 4456 1394 4508 alatereJoc.:
1413 4456 1503 4507 altera

364 4539 415 4588 GH
438 4540 486 4602 (L,
507 4541 634 4591 abaltcra
657 4539 700 4605 lc).
728 4537 741 4606 ll
767 4544 801 4591 20
823 4539 1009 4606 procurrentia
1031 4539 1061 4610 G.
1088 4535 1100 4606 ΙΙ
1129 4541 1428 4609 ρωο(ῇθ)εττίυςθ1)α1
1452 4542 1504 4592 GH

363 4622 660 4689 (praestingebatLlc).
679 4622 691 4691 (Ι
716 4640 767 4689 pc.
789 4627 819 4689 G,
837 4624 967 4674 P.C.H
981 4622 1147 4692 (prabet,
1165 4626 1287 4692 p.c.l).
1312 4621 1324 4692 ΙΙ
1346 4627 1377 4675 21
1397 4625 1502 4691 pondos

364 4707 391 4759 H
414 4705 469 4774 (Δ).
492 4705 504 4775 ΙΙ
533 4711 564 4757 ‘22
587 4709 677 4777 pondo
704 4709 754 4762 GH
772 4705 815 4772 (L,
834 4707 922 4777 ponde
941 4710 986 4770 lc).
