3784 5625
381 658 423 722 52
876 668 1034 717 vrrsnvn

383 826 510 888 civitati
533 825 687 908 stigmata
708 825 926 909 inponentem.
971 821 1046 884 ideo
1067 831 1176 884 autem
1197 830 1311 907 postea
1332 820 1455 886 Rhodii
1477 844 1526 885 re·

382 926 505 1012 ligione
532 925 672 1011 inpediti
700 924 787 1012 quod
816 923 908 986 nefas
936 934 987 987 est
1014 933 1147 1009 tropaea
1173 922 1325 987 dedicata
1351 924 1526 1004 removeri,

382 1030 469 1091 circa
496 1049 569 1091 eum
596 1025 702 1091 locum
736 1026 921 1089 aedificium
949 1034 1140 1089 struxerunt
1168 1032 1200 1087 et
1225 1024 1261 1086 id
1290 1034 1397 1088 erecta
1425 1024 1528 1088 Graia

381 1130 521 1193 statione
542 1137 696 1192 texerunt
718 1150 759 1190 ne
782 1129 837 1213 qui
860 1136 972 1213 posset
993 1128 1150 1213 aspicere,
1167 1135 1206 1199 ¹et
1228 1124 1263 1188 id
1288 1129 1417 1209 αβατον
1438 1128 1527 1190 voci-

346 1244 363 1293 5
379 1232 442 1294 tari
463 1232 639 1294 iusserunt.

467 1331 550 1396 Cum
573 1353 650 1415 ergo
672 1341 738 1395 tam
759 1351 878 1415 magna
901 1331 1046 1416 potentia
1066 1352 1161 1415 reges
1182 1352 1248 1394 non
1270 1316 1528 1416 contempserint
1546 1350 1578 1397 16

382 1434 603 1497 latericiorum
629 1434 791 1519 parietum
819 1440 1015 1515 structuras,
1045 1432 1164 1519 quibus
1192 1442 1224 1501 et
1253 1430 1473 1516 vectigalibus
1496 1442 1528 1496 et

381 1535 503 1622 praeda
527 1535 657 1619 saepius
680 1533 807 1597 licitum
828 1532 933 1596 fuerat
956 1553 1020 1595 non
1034 1532 1131 1597 modo
1149 1534 1359 1597 caementicio
1377 1544 1435 1598 aut
1449 1556 1526 1621 qua-

381 1636 475 1699 drato
504 1657 584 1699 saxo
612 1635 671 1699 sed
699 1636 798 1699 etiam
825 1656 1005 1698 marmoreo
1027 1634 1164 1717 habere,
1192 1658 1257 1700 non
1279 1645 1357 1721 puto
1379 1646 1529 1721 oportere

332 1751 364 1798 10
382 1736 549 1824 inprobari
573 1757 656 1822 quae
677 1746 753 1800 sunt
771 1758 788 1799 e
803 1735 951 1800 latericia
966 1745 1130 1800 structura
1151 1736 1238 1799 facta
1258 1736 1426 1818 aedificia,
1449 1737 1527 1801 dum

382 1838 479 1903 modo
500 1847 589 1901 recte
615 1840 681 1901 sint
702 1847 798 1901 tecta.
843 1838 902 1902 sed
924 1837 959 1901 id
981 1860 1084 1922 genus
1107 1836 1188 1925 quid
1210 1839 1257 1901 ita
1277 1859 1298 1899 a
1319 1836 1440 1924 populo
1463 1837 1526 1902 Ro·

382 1962 477 2004 mano
499 1942 534 2003 in
555 1939 636 2003 urbe
657 1939 728 2002 fieri
750 1962 815 2003 non
837 1950 985 2026 oporteat
1007 1942 1178 2027 exponam,¹
1202 1961 1347 2026 quaeque
1369 1941 1436 2003 sint
1458 1939 1527 2003 eius

382 2044 431 2105 rei
454 2062 570 2105 causae
593 2051 625 2105 et
646 2043 788 2105 rationes
805 2064 871 2106 non
893 2043 1160 2127 praetermittam.
1193 2039 1283 2125 leges
1298 2039 1448 2127 publicae
1463 2064 1527 2106 non
1546 2052 1575 2101 1⁷

372 2144 551 2230 patiuntur
571 2144 709 2208 maiores
731 2144 966 2207 crassitudines
988 2164 1085 2229 quam
1106 2140 1350 2230 sesquipedales
1372 2144 1527 2208 constitui

333 2257 364 2305 15
380 2243 451 2309 loco
478 2247 650 2310 communi.
688 2248 788 2309 ceteri
814 2253 922 2309 autem
951 2246 1108 2331 parietes,
1141 2266 1183 2307 ne
1207 2245 1314 2331 spatia
1338 2237 1527 2329 angustiora

380 2346 470 2430 fiant,
487 2347 603 2411 eadem
617 2346 832 2411 crassitudine
843 2346 1065 2411 conlocantur.
1087 2345 1227 2409 latericii
1237 2367 1316 2410 vero
1331 2348 1395 2410 nisi
1407 2347 1525 2434 diplin-

381 2449 442 2513 thii
453 2458 510 2514 aut
520 2448 697 2535 triplinthii
707 2449 839 2532 fuerint,
855 2447 1076 2536 sesquipedali
1088 2446 1305 2512 crassitudine
1313 2458 1526 2538 nonpossunt

380 2550 454 2636 plus
476 2572 575 2613 unam
597 2552 758 2615 sustinere
780 2552 1067 2636 contignationem.
1110 2551 1145 2614 in
1166 2571 1204 2612 ea
1225 2560 1335 2614 autem
1356 2552 1525 2616 maiestate

380 2650 472 2713 urbis
488 2659 520 2713 et
535 2652 658 2714 civium
677 2650 805 2715 infinita
823 2652 1012 2739 frequentia
1033 2651 1286 2744 innumerabiles
1308 2652 1527 2718 habitationes

331 2765 364 2814 20
382 2774 467 2839 opus
485 2761 535 2815 est
554 2751 730 2838 explicare.
760 2774 838 2838 ergo
860 2775 933 2818 cum
954 2754 1098 2841 recipere
1116 2776 1182 2819 non
1202 2763 1314 2841 posset
1333 2776 1410 2818 area
1430 2756 1527 2843 plana

382 2863 506 2917 tantam
521 2853 762 2918 multitudinem
784 2854 828 2917 ad
843 2855 1058 2920 habitandum
1073 2857 1108 2918 in
1121 2856 1213 2939 urbe,
1236 2856 1279 2920 ad
1299 2857 1462 2922 auxilium
1481 2858 1525 2921 al·

381 2954 533 3019 titudinis
548 2955 770 3020 aedificiorum
785 2979 836 3020 res
852 2959 925 3043 ipsa
940 2959 1048 3041 coegit
1062 2957 1228 3022 devenire.
1262 2959 1374 3046 itaque
1387 2959 1465 3045 pilis
1480 2959 1524 3023 la-

382 3057 489 3145 pideis
510 3059 682 3122 structuris
708 3060 859 3122 testaceis
880 3058 1073 3145 parietibus·
1089 3060 1309 3124 caementiciis
1334 3061 1525 3124 altitudines

382 3169 551 3224 extructae
566 3170 598 3224 et
613 3159 910 3246 contignationibus
923 3160 1047 3224 crebris
1059 3172 1216 3224 coaxatae
1226 3161 1474 3227 coenaculorum
1484 3161 1526 3226 ad

330 3272 364 3320 25
381 3285 524 3328 summas
551 3262 712 3332 utilitates
739 3263 913 3350 perficiunt
946 3263 1200 3348 dispertitiones.
1250 3286 1328 3348 ergo
1355 3266 1525 3329 moenibus

382 3384 400 3425 e
428 3365 727 3447 contignationibus
760 3366 861 3428 variis
894 3364 961 3429 alto
989 3367 1095 3450 spatio
1128 3363 1355 3451 multiplicatis
1387 3365 1525 3453 populus

381 3465 548 3528 Romanus
570 3466 717 3549 egregias
740 3464 839 3530 habet
861 3466 933 3530 sine
954 3466 1156 3552 inpeditione
1178 3466 1406 3533 habitationes.

453 3703 548 3755 lideo
571 3705 649 3757 Lon:
674 3705 702 3755 id
722 3706 780 3760 GH.
804 3704 817 3772 ΙΙ
838 3709 972 3778 ttropes
991 3707 1042 3757 GH
1061 3705 1108 3770 (L,
1131 3708 1248 3772 trophea
1265 3707 1308 3773 lc).
1329 3705 1342 3774 [Ι
1371 3713 1428 3760 est:
1452 3714 1525 3760 esset

385 3788 418 3841 L.
446 3786 459 3855 ΙΙ
486 3793 502 3839 3
520 3793 616 3840 erecta
634 3798 693 3839 ante
711 3806 780 3840 corr.
801 3791 831 3840 G.
854 3787 867 3856 ΙΙ
888 3794 958 3842 tne
976 3792 1023 3856 qni
1034 3791 1085 3841 GH
1101 3789 1146 3856 (L,
1164 3808 1254 3857 neque
1271 3796 1295 3843 lc
1318 3791 1393 3858 [neq3
1411 3795 1445 3854 tt,
1462 3811 1524 3860 neq:

382 3869 428 3936 c]).
450 3869 463 3939 ΙΙ
484 3874 606 3924 abathon
625 3874 684 3925 GH.
707 3871 719 3940 ΙΙ
742 3876 757 3924 6
775 3890 856 3940 reges
867 3876 938 3928 doc:
957 3876 1031 3941 regis
1051 3877 1110 3928 GH.
1133 3873 1145 3942 [Ι
1168 3879 1382 3944 contempserint
1399 3880 1430 3927 H
1440 3878 1523 3943 (Llc):

381 3963 479 4007 —rnnt
503 3959 533 4011 G.
559 3954 573 4024 ΙΙ
599 3962 615 4009 8
639 3959 732 4023 praede
749 3962 767 4024 l,
795 3960 821 4019 (e
842 3961 1030 4026 vectigalibus
1053 3961 1092 4023 et)
1110 3960 1194 4025 prqdq
1212 3963 1250 4014 cl.
1279 3959 1292 4028 ll
1320 3965 1353 4014 10
1375 3963 1525 4029 improbari
1551 3954 1554 3961 ⁴

382 4043 461 4092 Plu:
479 4042 627 4107 inprobare
648 4043 706 4093 GH.
729 4041 741 4109 Ι]
770 4046 800 4092 11
819 4045 876 4094 sint
892 4046 924 4093 H
941 4044 1062 4107 (Genua
1081 4051 1145 4095 sunt
1165 4047 1194 4096 G.
1217 4043 1230 4112 ΙΙ
1249 4048 1291 4096 ita
1308 4063 1326 4096 a
1345 4047 1380 4097 G:
1405 4049 1448 4097 ita
1466 4048 1522 4110 (om.

383 4126 410 4188 a)
429 4126 459 4174 H
475 4125 572 4191 (mccl,
590 4128 632 4178 ita
650 4129 679 4176 in
697 4135 756 4177 unte
773 4143 843 4178 corr.
861 4127 891 4189 1).
914 4125 927 4194 11
951 4131 983 4178 12
1001 4131 1056 4179 sint
1077 4131 1159 4183 Part:
1183 4137 1246 4180 sunt
1265 4132 1325 4181 GH.
1348 4128 1361 4198 ΙΙ
1386 4134 1417 4183 13
1440 4134 1524 4198 Legis

382 4216 441 4258 mue
459 4227 527 4263 corr.
547 4212 584 4261 H.
606 4209 620 4278 ΙΙ
640 4211 710 4261 fiant
726 4228 786 4277 epo:
806 4212 904 4263 fierent
923 4212 980 4262 GH.
1000 4210 1012 4279 ll
1035 4217 1066 4264 17
1085 4214 1281 4280 sesquipedale
1299 4224 1359 4266 ante
1376 4233 1446 4267 corr.
1467 4218 1497 4267 G.
1510 4215 1522 4281 ll

384 4295 416 4342 18
434 4293 495 4357 plus
513 4310 596 4345 unam
613 4297 643 4344 H
661 4295 744 4361 (Llc):
764 4297 826 4362 plus
849 4298 902 4360 qui
918 4301 972 4346 nna
990 4300 1051 4361 (red
1065 4303 1102 4348 ffa
1120 4302 1146 4348 ia
1163 4316 1217 4352 rus.
1231 4300 1278 4364 Ge)
1298 4301 1327 4350 G.
1350 4300 1364 4366 ΙΙ
1386 4303 1525 4368 contigra·

382 4379 485 4428 tionem
499 4386 566 4442 ‚ante
586 4396 655 4430 corr.
679 4381 708 4430 G.
738 4378 750 4447 ss
773 4384 804 4430 19
821 4381 1006 4432 habitationis
1028 4391 1088 4432 arcte
1105 4400 1175 4436 corr.
1193 4385 1231 4437 H.
1255 4382 1268 4449 ΙΙ
1290 4387 1324 4435 20
1345 4391 1441 4450 posset
1459 4401 1524 4436 area
1592 4368 1596 4378 ¹

382 4461 467 4525 plana
478 4463 549 4512 loa:
568 4468 683 4528 possunt
700 4479 764 4513 area
776 4465 894 4529 planata
912 4467 943 4514 H
954 4465 1033 4532 (Llc),
1052 4472 1167 4532 possunt
1181 4484 1263 4518 areae
1282 4468 1397 4534 planatq
1417 4471 1446 4524 G.
1464 4467 1524 4537 ΨΒ

383 4548 581 4597 caementaciis
600 4546 659 4610 (sic)
677 4548 707 4595 H
719 4547 779 4612 (ch).
797 4546 858 4615 1114
876 4556 905 4600 et
924 4551 980 4615 (om
996 4552 1056 4615 GH)
1075 4554 1136 4603 add.
1151 4553 1230 4605 Rode.
1246 4549 1259 4617 ΙΙ
1275 4542 1534 4620 οοηῐὶςηῑὶοιῷῦ

382 4637 442 4678 ante
464 4646 533 4680 corr.
556 4633 646 4681 irenen
664 4631 693 4681 G.
719 4628 731 4696 ll
758 4634 791 4681 25
808 4633 1017 4699 dispertitiones
1031 4652 1087 4699 ,epo
1110 4634 1326 4701 (disparationes
1354 4637 1523 4711 Weaseh'ql:

381 4710 601 4776 dispectationes
613 4714 671 4763 'GH
689 4712 732 4779 (L,
749 4715 958 4780 desperationes
976 4721 1009 4783 lc)
