3784 5625
433 645 494 713 130
918 660 1077 710 vrrauvn

432 817 551 881 deinde
572 817 614 880 ad
636 819 741 902 ipsam
763 838 881 901 aquam
909 826 941 879 et
968 815 1071 878 latera
1098 815 1232 901 pulvino
1255 816 1387 880 circiter
1409 817 1607 902 sesquipe·4

432 918 522 982 dales
554 920 717 1003 margines
750 926 916 982 struantur
947 917 1144 1003 aequilibres
1179 938 1219 980 ex
1247 916 1384 1003 planitia
1416 940 1501 1003 quae
1527 927 1575 982 est

431 1043 530 1107 supra
552 1022 684 1105 scripta,
707 1028 786 1084 tunc
808 1018 1001 1105 proclinatio
1025 1042 1062 1082 ea
1084 1018 1258 1106 impleatur
1279 1019 1401 1083 harena
1424 1029 1456 1084 et
1470 1016 1573 1083 'exae-

432 1133 548 1209 quetur
570 1144 643 1186 cum
665 1122 812 1206 margine
835 1131 866 1185 et
888 1120 1027 1206 planitia
1048 1122 1186 1207 pulvini.
1223 1120 1342 1184 deinde
1357 1123 1491 1209 insuper
1505 1145 1575 1186 eam

398 1241 413 1287 5
434 1225 703 1310 exaequationem
726 1222 792 1309 pila
820 1245 916 1308 quam
939 1245 1059 1307 magna
1081 1223 1258 1286 constituta
1280 1222 1378 1286 fucrit
1400 1222 1448 1287 ibi
1472 1232 1573 1288 strua-

431 1336 500 1409 tur,
530 1347 631 1411 caque
660 1347 734 1388 cum
764 1325 825 1388 erit
855 1320 1021 1406 extructa,
1051 1322 1253 1409 relinquatur
1283 1346 1325 1387 ne
1357 1326 1466 1388 minus
1495 1326 1575 1389 duos

432 1449 559 1490 menses
588 1436 624 1491 ut
657 1427 823 1489 sicccsoat.
874 1435 953 1489 tunc
987 1435 1095 1489 autem
1127 1425 1314 1489 succidatur
1345 1448 1461 1511 margo
1495 1447 1576 1512 quae

432 1530 571 1593 sustinet
598 1528 763 1592 harenam.
816 1528 862 1590 ita
889 1526 1011 1590 harena
1029 1526 1195 1590 ¹fluctibus
1229 1526 1365 1590 subruta
1393 1527 1515 1591 efficiet
1541 1530 1576 1591 in

433 1651 520 1693 mare
554 1628 639 1716 pilae
665 1630 979 1715 praecipitationem.
1035 1630 1097 1691 hac
1127 1629 1254 1691 ratione
1287 1629 1577 1714 quotienscumque

383 1746 415 1795 10
434 1755 514 1819 opus
538 1730 648 1814 fuerit,
671 1732 706 1795 in
728 1752 843 1817 aquam
866 1732 987 1817 poterit
1009 1750 1081 1793 esse
1102 1751 1305 1816 progressus.

517 1832 558 1895 In
580 1833 698 1918 quibus
721 1843 829 1896 autem
852 1830 931 1895 locis
955 1830 1064 1917 pulvis
1092 1853 1157 1894 non
1178 1832 1338 1914 nascitur,
1369 1830 1421 1895 his
1443 1832 1611 1895 rationi-5

433 1934 494 1998 bus
524 1935 586 1999 erit
612 1933 798 1997 faciendum
831 1935 880 1997 uti
909 1954 1003 1995 arcae
1035 1930 1181 2017 duplices
1215 1931 1363 2018 religatis
1395 1932 1517 1998 tabulis
1546 1942 1579 1997 et

434 2039 557 2100 catenis
587 2034 768 2120 conligatae
795 2036 830 2098 in
858 2057 895 2099 eo
923 2033 993 2099 loco
1022 2036 1078 2119 qui
1106 2034 1218 2098 finitus
1241 2036 1306 2099 erit
1328 2036 1577 2117 constituantur,

435 2147 467 2200 et
493 2139 579 2201 inter
608 2137 752 2200 destinas
782 2146 871 2199 creta
896 2138 932 2199 in
960 2135 1112 2200 erunibus
1143 2157 1186 2198 ex
1214 2136 1290 2200 ulva
1317 2135 1459 2223 palustri
1480 2136 1580 2200 factis

383 2252 416 2300 15
434 2238 586 2303 calcetur.
625 2260 698 2301 cum
721 2239 767 2302 ita
789 2236 872 2300 bene
895 2236 1054 2301 calcatum
1078 2247 1110 2300 et
1132 2259 1229 2322 quam
1251 2237 1445 2302 densissime
1467 2238 1578 2320 fuerit,

432 2351 511 2405 tuuc
532 2338 648 2405 cocleis
671 2340 752 2404 rotis
775 2341 942 2426 tympanis
971 2338 1147 2404 conlocatis
1175 2338 1265 2403 locus
1294 2340 1348 2425 qui
1371 2361 1409 2403 ea
1431 2340 1580 2426 septione

432 2443 543 2506 finitus
567 2442 666 2505 fuerit
695 2442 901 2505 exinaniatur
928 2442 1149 2525 siccaturque,
1181 2449 1212 2503 et
1234 2440 1282 2505 ibi
1304 2443 1391 2505 inter
1412 2443 1579 2528 septiones
1608 2475 1611 2481 Δ

433 2544 644 2607 fundamenta
665 2542 844 2606 fodiantur.
889 2544 915 2605 si
939 2552 1069 2606 terrena
1097 2551 1208 2622 erunt,
1236 2565 1339 2628 usque
1366 2543 1409 2606 ad
1438 2542 1580 2608 solidum

435 2647 595 2709 crassiora
624 2666 720 2730 quam
748 2645 804 2730 qui
832 2666 941 2707 murus
971 2665 1069 2729 supra
1101 2643 1230 2707 futurus
1259 2645 1321 2707 erit
1349 2645 1580 2708 exinaniantur

383 2760 416 2807 ao
434 2749 671 2833 siccenturque,
696 2755 728 2809 et
749 2755 827 2809 tunc
849 2754 1012 2808 structura
1035 2767 1078 2809 ex
1099 2747 1276 2809 caementis
1299 2745 1387 2808 calce
1410 2730 1442 2809 et
1457 2745 1580 2816 harena

434 2847 666 2934 compleantur.
711 2849 763 2910 sin
794 2855 903 2909 autem
936 2847 1043 2913 mollis
1077 2847 1165 2912 locus
1201 2849 1278 2930 erit,
1318 2846 1401 2934 palis
1435 2847 1609 2912 ustilatiso

434 2948 536 3012 alneis
565 2958 620 3012 aut
651 2947 829 3033 oleagineis
863 2949 1045 3033 configatur
1077 2960 1108 3014 et
1137 2949 1332 3015 carbonibus
1368 2949 1578 3036 compleatur,

435 3050 708 3142 quemadmodum
746 3051 782 3113 in
819 3050 1019 3115 theatrorum
1053 3061 1085 3114 et
1122 3053 1207 3114 muri
1239 3040 1503 3116 fundationibus
1529 3062 1578 3116 est

420 3154 603 3239 scriptum.
646 3151 765 3215 deiude
780 3163 857 3216 tuno
872 3153 1030 3238 quadrato
1046 3175 1126 3217 saxo
1141 3152 1405 3216 murus-ducatur
1419 3155 1578 3217 iuncturis

384 3267 416 3314 25
435 3276 531 3340 quam
553 3254 762 3338 longissimiS,
785 3255 833 3317 uti
855 3256 997 3318 maxime
1019 3254 1121 3318 medii
1141 3253 1267 3341 lapides
1288 3257 1576 3339 coagmentisvcon-

433 3358 608 3420 tineantur.
645 3366 724 3419 tunc
746 3356 802 3441 qui
824 3355 912 3419 locus
937 3357 998 3419 erit
1021 3358 1107 3420 inter
1128 3354 1261 3420 murum¹
1277 3355 1579 3421 ruderatione'sive

434 3465 595 3520 structura
632 3455 840 3543 compleatur.
903 3459 950 3521 ita
987 3459 1052 3548 erit¹
1085 3460 1134 3522 uti
1171 3461 1274 3545 possit
1310 3457 1409 3522 turris
1446 3460 1579 3545 insuper

433 3557 610 3620 aedificari.
1194 3552 1197 3558 ’

518 3658 581 3722 His
611 3658 767 3744 perfectis
795 3660 1000 3726 navaliorum
1028 3684 1066 3725 ea
1088 3663 1150 3725 erit
1176 3662 1260 3726 ratio
1281 3669 1319 3725 ut
1341 3663 1608 3726 constituantur?

507 3835 516 3879 l
542 3831 669 3896 abipsam
691 3840 750 3881 unte
777 3848 845 3882 corr.
871 3834 899 3882 G.
923 3830 935 3898 ll
963 3820 1009 3901 ies
1033 3835 1079 3898 qui
1101 3832 1214 3898 pedales
1238 3834 1280 3883 6⁶.
1310 3829 1322 3899 ll
1347 3832 1452 3898 2(item
1469 3832 1497 3898 4)
1520 3833 1577 3899 pla·

434 3919 504 3965 uitia
525 3917 575 3965 GH
593 3914 674 3980 (Llc).
693 3912 705 3981 ll
727 3920 743 3967 3
762 3916 932 3984 exequeritur
950 3918 996 3976 6⁶,
1017 3917 1158 3982 exequalae
1171 3916 1270 3980 H⁶)tur
1286 3918 1318 3966 H
1338 3919 1521 3983 (exaequetur
1538 3919 1577 3979 Η,

435 4033 481 4067 om.
500 4017 550 4081 ch).
570 4013 612 4082 llss
631 4018 823 4080 relinquantur
839 4026 899 4067 ante
917 4034 986 4072 corr.
1007 3998 1076 4082 G(el
1088 4019 1123 4083 c).
1146 4016 1158 4085 ΙΙ
1180 4022 1195 4069 7
1214 4019 1316 4069 mensis
1334 4020 1370 4068 H.
1391 4015 1404 4085 ΙΙ
1428 4009 1580 4082 slecrdatur

437 4120 478 4168 Hc.
494 4115 507 4184 ll
525 4120 540 4168 8
559 4106 661 4186 hirene
681 4119 725 4169 60.
741 4115 754 4185 ΙΙ
773 4121 789 4168 9
807 4118 863 4184 pila
876 4135 922 4171 om.
938 4117 1067 4184 Νηρηὶ.
1081 4117 1136 4184 6⁶).
1156 4117 1168 4186 ΙΙ
1191 4122 1223 4169 12
1240 4119 1369 4184 religatis
1381 4120 1460 4169 Lor.:
1480 4120 1578 4171 relatio

437 4204 494 4252 GH.
517 4198 529 4267 ll
554 4206 586 4252 14
603 4203 775 4253 ineronibus:
794 4204 832 4252 sic
845 4204 895 4252 GH
908 4201 987 4266 (Llc).
1013 4199 1025 4269 Η
1046 4202 1162 4268 plaustri
1182 4205 1210 4254 G.
1235 4199 1247 4271 ll
1270 4206 1301 4253 16
1320 4203 1423 4254 cocleis
1443 4203 1465 4254 G
1484 4203 1578 4268 (Ηθίε),

436 4286 548 4337 clocleis
566 4293 625 4337 ante
642 4304 711 4339 corr.
723 4289 752 4336 H
771 4287 827 4350 (L).
843 4283 854 4352 Η
872 4288 903 4336 18
915 4291 1008 4336 terrea
1020 4296 1079 4338 onte
1091 4304 1159 4338 corr.
1175 4290 1205 4342 G.
1223 4286 1235 4354 ll
1251 4291 1282 4338 19
1295 4288 1474 4338 exinanietur
1490 4289 1577 4339 sicce·

435 4373 533 4435 turqne
555 4371 613 4422 GH.
641 4374 758 4421 correxit
775 4372 845 4421 Mar.
865 4367 1009 4436 112οωηο
1027 4373 1055 4421 H
1074 4371 1157 4438 (Llc):
1176 4388 1249 4422 nuuc
1268 4373 1297 4424 G.
1312 4368 1324 4438 ll
1343 4375 1375 4422 21
1389 4372 1580 4438 compleantur

435 4463 494 4504 onte
517 4471 585 4507 corr.
610 4457 631 4504 G
651 4456 686 4519 (et
705 4455 736 4521 !):
762 4455 932 4520 compleatur
955 4457 982 4504 H
1000 4455 1129 4521 (Gchlcc).
1153 4453 1166 4523 ΙΙ
1187 4457 1240 4506 erit
1256 4458 1285 4505 H
1303 4454 1388 4520 (Llc):
1407 4457 1494 4506 fuerit
1515 4457 1545 4506 G.
1563 4452 1577 4520 ll

436 4537 570 4587 ustilatis:
597 4543 635 4589 sic
659 4541 717 4592 GH.
742 4536 753 4605 ΙΙ
776 4542 809 4589 22
828 4539 981 4613 configatur
998 4543 1052 4591 ed:
1072 4545 1206 4604 —gautur
1224 4541 1282 4590 GH.
1301 4537 1314 4605 ΙΙ
1337 4541 1579 4606 compleatured.:

436 4628 566 4672 -eautur
580 4624 637 4674 GH.
656 4621 667 4688 Η
687 4625 719 4672 26
732 4624 907 4708 ruderatione
928 4622 955 4688 (i.
974 4642 997 4674 e.
1016 4625 1082 4673 rude
1100 4622 1219 4688 ratione)
1240 4625 1282 4675 6⁶.
1304 4620 1316 4691 Η
1339 4627 1373 4676 29
1391 4625 1579 4675 navaliorum:

433 4708 471 4753 sic
491 4707 549 4756 GH.
