3784 5625
394 636 459 700 300
576 652 623 697 mr
646 650 808 699 nrvnasrs
833 648 992 720 resarcis
1016 647 1353 702 nacnrrrcromcrn.

394 804 436 868 ad
464 826 635 890 vesperum
661 804 748 889 quod
770 811 897 889 tempus
919 801 962 863 ad
986 801 1162 865 lavandum
1183 800 1342 865 tributum
1365 811 1424 863 est.
1469 824 1540 865 sus·

395 928 555 994 pensurae
584 905 760 968 calidarum
789 902 943 967 cellarum
970 905 1016 966 ita
1045 911 1121 966 sunt
1142 902 1312 966 faciendae
1341 912 1377 966 ut
1399 905 1540 989 primum

394 1032 469 1072 area
492 1005 774 1094 sesquipedalibus
796 1005 915 1090 tegulis
939 1014 1177 1087 consternatur,
1200 1004 1358 1068 inclinata
1372 1004 1416 1067 ad
1430 1005 1538 1069 forna-

395 1133 463 1177 cem
491 1119 528 1173 ut
555 1108 622 1196 pila
649 1111 749 1172 missa
776 1109 862 1171 intro
892 1108 1045 1170 resistere
1067 1130 1133 1171 non
1155 1108 1260 1193 possit
1282 1108 1341 1171 sed
1362 1108 1476 1171 redeat
1496 1108 1539 1170 ad

394 1211 627 1299 praefurnium.
662 1210 791 1273 flamma
807 1211 893 1272 enim
909 1231 1036 1273 sursum
1050 1208 1232 1293 adsurgens
1248 1207 1421 1274 calidiores
1439 1209 1541 1274 efficit
1558 1226 1574 1272 5

395 1313 503 1377 cellas.
548 1334 710 1398 supraque
739 1310 904 1375 laterculis
934 1309 1117 1375 bessalibus
1147 1320 1179 1374 et
1206 1310 1469 1397 rotundis‘pilae
1491 1314 1540 1375 in-

395 1424 561 1479 struantur
589 1437 630 1477 ex
658 1412 775 1499 capillo
804 1423 836 1477 et
863 1411 981 1497 argilla
1009 1412 1159 1495 subacta,
1189 1415 1223 1475 in
1245 1414 1374 1499 privato
1400 1413 1541 1500 pedibus

394 1519 481 1582 binis
505 1517 613 1598 semis,
637 1517 672 1578 in
693 1514 824 1600 publico
844 1516 958 1579 ternis.
1002 1513 1132 1599 tegulae
1154 1514 1322 1601 bipedales
1346 1537 1444 1601 super
1466 1538 1541 1578 con-

396 1621 573 1684 stituantur
602 1639 684 1702 quae
711 1618 934 1702 pavimentum
961 1616 1114 1701 dirigant.
1159 1616 1347 1702 plumbeum
1370 1639 1429 1680 vas
1454 1616 1541 1702 quod

395 1731 546 1808 patenam
568 1741 696 1781 aeream
718 1718 832 1800 habet,
862 1741 960 1805 supra
982 1718 1147 1782 fornacem
1170 1718 1371 1800 conlocetur,
1400 1718 1541 1781 alterum
1562 1733 1593 1781 10

396 1820 501 1885 simile
528 1820 737 1905 frigidarium
759 1843 870 1901 secus,
900 1830 937 1884 ut
960 1830 1117 1906 quantum
1140 1820 1253 1883 caldae
1275 1842 1318 1883 ex
1340 1843 1378 1885 eo
1400 1822 1436 1883 in
1459 1820 1541 1884 solio

394 1911 587 1987 admittatur
608 1931 732 1984 tantum
758 1921 899 2006 frigidae
922 1921 1124 1986 infundatur.
1166 1923 1409 2008 magnitudines
1431 1932 1542 1986 autem

394 2025 584 2089 balnearum
606 2045 664 2109 pro
687 2022 853 2087 hominum
876 2024 970 2109 copia
990 2034 1046 2087 aut
1068 2022 1247 2089 voluntatis
1269 2026 1376 2109 gratia
1391 2024 1462 2087 fieri
1485 2024 1542 2087 de·

396 2128 531 2209 bebunt,
555 2123 730 2188 dummodo
752 2124 853 2188 cellae
875 2127 923 2189 sic
946 2125 1162 2211 disponantur
1183 2135 1218 2190 ut
1234 2136 1354 2212 quanta
1369 2125 1543 2210 longitudo

396 2230 496 2293 fuerit
523 2229 619 2292 tertia
642 2226 774 2312 dempta
796 2226 934 2291 latitudo
957 2227 1159 2313 disponatur.
1204 2228 1319 2291 melius
1343 2229 1430 2290 enim
1453 2229 1543 2311 ignis
1564 2242 1595 2289 15

396 2354 454 2419 per
475 2331 667 2414 angustiora
694 2328 877 2393 latitudinis
901 2328 1056 2393 cellarum
1079 2330 1276 2415 operabitur.
1321 2329 1431 2393 lumen
1452 2329 1543 2393 fene-

397 2434 472 2497 stris
492 2442 549 2496 aut
570 2431 716 2494 hibernis
738 2441 795 2495 aut
816 2431 1006 2495 meridianis
1029 2431 1177 2517 partibus
1193 2432 1365 2496 tribuatur.
1404 2433 1544 2495 aestivis

397 2534 522 2598 balneis
551 2533 803 2620 hypocausteria
831 2556 890 2619 pro
918 2533 982 2597 loci
1004 2534 1231 2617 magnitudine
1253 2556 1326 2597 cum
1348 2534 1487 2620 piscinis
1510 2534 1545 2595 in

398 2638 620 2724 septentrione*
645 2633 699 2697 vcl
725 2634 876 2721 aquilone
905 2636 1160 2719 constituantur,
1189 2646 1221 2699 et
1242 2635 1284 2699 ab
1313 2635 1427 2697 eadem
1449 2645 1545 2721 parte

396 2740 539 2802 maxime
566 2737 675 2800 lumen
702 2736 854 2801 fenestris
882 2737 1090 2819 admittatur,
1121 2748 1158 2800 ut
1180 2736 1393 2801 salubriorem
1417 2747 1449 2801 et
1473 2759 1544 2800 cor·
1564 2752 1597 2800 20

396 2842 531 2926 poribus
560 2838 785 2903 iocundiorem
810 2842 951 2925 gratiam
972 2849 1125 2925 praestet.
1169 2842 1204 2903 in
1226 2838 1306 2903 villa
1327 2841 1450 2903 rustica
1473 2839 1566 2905 bal.

396 2965 493 3005 neum
516 2941 643 3005 culinae
664 2943 894 3026 coniungatur,
917 2952 953 3006 ut
976 2941 1104 3006 facilius
1126 2965 1146 3005 a
1167 2944 1300 3006 rusticis
1322 2942 1545 3005 ministerium

397 3044 545 3108 exhiberi
568 3045 681 3128 possit.

258 3149 326 3190 XVfl·
340 3152 370 3190 ΒΘ
481 3146 638 3210 Gamerae
665 3144 830 3210 structiles
856 3145 1008 3210 fortiores
1037 3157 1140 3209 erunt.
1185 3145 1338 3229 figulinae
1365 3154 1477 3208 autem
1500 3144 1544 3207 ad

246 3202 386 3242 cornerisbal·

270 3265 364 3293 aearum·
396 3248 672 3332 contignationem
706 3247 946 3333 suspendantur
973 3249 1020 3311 ita
1049 3256 1086 3310 ut
1114 3248 1238 3311 catenis
1270 3248 1433 3310 ancoratis
1457 3247 1545 3310 fixae
1563 3264 1595 3311 25

245 3338 382 3440 ,lglffflf
396 3349 525 3433 tegulae
558 3348 648 3412 velut
682 3347 814 3434 palliola
845 3371 936 3434 quae·
961 3370 1121 3412 cameram
1155 3349 1314 3412 circinent
1347 3350 1543 3412 sustineant.

398 3537 626 3546 ‘—

467 3659 481 3706 1
499 3672 643 3721 vesperum
662 3656 736 3720 (—ri
752 3657 779 3722 9)
802 3658 1007 3724 habeat.quod
1031 3657 1079 3722 (qd
1096 3658 1125 3722 p)
1148 3663 1258 3722 tempus
1279 3674 1329 3721 opp
1352 3655 1471 3718 (habeat
1493 3661 1543 3708 del.

399 3740 490 3805 Mau).
514 3738 527 3807 1)
549 3745 565 3792 3
587 3756 660 3806 sesq3
678 3742 800 3807 pedalib3
817 3761 857 3807 op.
881 3738 893 3808 1)
917 3760 934 3792 a
953 3743 1090 3793 fornacem
1115 3740 1172 3805 (sio)
1195 3760 1217 3792 υ.
1240 3739 1252 3806 Ι)
1275 3744 1291 3790 5
1314 3740 1463 3791 calidiores
1488 3745 1543 3791 ed:

399 3827 506 3877 calores
525 3828 584 3876 eius
606 3843 662 3891 opp.
691 3822 703 3890 ΙΙ
730 3829 746 3876 6
769 3827 910 3876 besalibus
932 3844 982 3890 opp
1000 3826 1107 3891 (Vara.
1128 3822 1141 3891 ll
1166 3830 1194 3876 et
1212 3827 1280 3876 Pot:
1303 3824 1347 3873 vel
1371 3840 1402 3888 op
1425 3825 1483 3884 (vel
1501 3843 1544 3874 ro-

397 3913 533 3962 tundis-
547 3912 662 3977 pedibus
681 3927 726 3960 om.
745 3929 772 3971 υ,
796 3912 838 3960 ubi
858 3913 907 3960 sic:
931 3911 1073 3960 besalibus
1091 3911 1170 3960 bonis
1188 3909 1328 3958 semis.in
1352 3908 1466 3972 publico
1489 3914 1544 3959 ter-

398 3997 461 4060 nis).
486 3992 498 4061 {l
521 3997 706 4045 instruantur:
730 3998 768 4045 sic
784 4012 842 4060 app.
866 3992 877 4060 Η
901 3998 916 4045 7
936 3995 1037 4059 argilla
1053 4005 1096 4060 9⁶:
1122 3994 1217 4044 artilla
1234 4011 1251 4058 p
1269 4001 1295 4042 et
1317 4001 1376 4042 ante
1395 4010 1465 4043 cor-r.
1483 4010 1508 4058 9.
1530 3993 1542 4059 ll

398 4083 414 4131 8
431 4081 504 4130 binis
519 4096 568 4144 pp:
587 4080 667 4129 bonis
686 4097 707 4129 v.
729 4075 743 4146 [l
768 4079 799 4128 10
816 4095 900 4143 supra
918 4080 1033 4129 fornace
1051 4095 1100 4142 app
1119 4078 1210 4144 (super
1228 4079 1371 4127 fornacem
1390 4078 1454 4138 αἱ.)
1474 4075 1488 4143 H
1512 4081 1543 4129 11

398 4165 489 4215 simile
507 4182 532 4215 v:
551 4181 599 4214 om.
615 4181 659 4229 pp.
684 4161 695 4231 Ι)
718 4165 816 4214 caldae
829 4164 914 4213 Man:
935 4163 1085 4227 caldaopy.
1109 4160 1121 4228 1)
1145 4163 1228 4212 solio:
1246 4165 1284 4212 sic
1301 4173 1374 4227 υθρρ,
1394 4162 1466 4211 solia
1483 4170 1543 4211 ante

398 4266 467 4299 corr.
486 4267 500 4298 υ
518 4247 564 4312 (cf.
585 4249 772 4313 291,1a20).
796 4245 807 4314 ΙΙ
832 4251 863 4298 13
882 4252 929 4297 aut
946 4264 991 4311 op:
1011 4245 1070 4311 &p
1094 4245 1106 4312 1)
1131 4249 1163 4295 14
1175 4247 1339 4311 disponatur
1356 4265 1379 4299 υ.
1402 4243 1414 4311 Ι)
1440 4249 1472 4297 15
1490 4250 1545 4295 ter·

398 4336 439 4383 tia
465 4333 576 4398 dempta
599 4351 613 4383 v
637 4332 744 4397 (γῆν.)
777 4333 861 4381 tertia
887 4332 987 4396 adapta
1014 4330 1129 4396 (adepta
1154 4333 1181 4397 9)
1212 4348 1255 4396 pp.
1284 4327 1296 4395 Ι)
1325 4330 1489 4395 disponatur
1516 4349 1543 4381 a:

399 4415 521 4481 quod(qd
531 4417 679 4482 plponatur
695 4433 738 4481 pq.
763 4413 774 4481 ΙΙ
800 4418 831 4466 10
847 4416 1006 4466 latitudinis
1021 4433 1049 4464 o:
1073 4431 1157 4466 —nes
1171 4432 1215 4480 pp.
1237 4411 1248 4480 ll
1270 4418 1301 4465 19
1320 4415 1508 4466 abeeademv.
1529 4415 1540 4479 Ι)

397 4505 429 4550 21
451 4502 638 4552 iocundiorem
659 4518 715 4567 qu.
742 4499 754 4569 ll
781 4503 814 4552 25
837 4501 997 4552 anchoratis
1018 4517 1076 4565 opp.
1098 4499 1109 4566 ΙΙ
1134 4502 1168 4550 26
1189 4501 1302 4566 tegulae
1324 4499 1404 4549 velut
1425 4499 1544 4563 palliola

399 4636 456 4683 epo:
476 4620 585 4685 tegulas
603 4618 648 4670 vel
666 4619 709 4683 (ul
718 4638 743 4685 p,
762 4620 829 4685 lap)
848 4619 953 4686 paliola
971 4590 1088 4684 (palicia
1106 4634 1159 4668 cum
1176 4619 1231 4669 vitii
1246 4620 1320 4682 sipno
1336 4616 1378 4683 90)
1398 4633 1457 4682 opp.
1476 4614 1488 4684 Ι)
1510 4619 1544 4666 si·

399 4704 523 4752 stineant
541 4721 562 4753 υ.
1296 4713 1298 4717 “
