3784 5625
598 638 613 649 ⁸
695 679 741 724 na
764 679 1031 730 suessanorum
1054 683 1124 730 urs.
1147 685 1179 729 v.
1450 672 1509 736 105

366 833 429 896 reis
458 830 618 919 epistyliis
647 831 807 896 adornant
836 843 867 896 et
894 857 993 920 supra
1019 835 1256 901 ambulationes
1284 837 1319 900 in
1341 840 1507 925 contigna-

366 932 509 998 tionibus
531 932 664 996 faciunt.
711 931 826 996 Italiae
848 957 925 999 vero
948 936 1083 1000 urbibus
1106 959 1170 1000 non
1191 936 1304 1000 eadem
1320 947 1368 1001 est
1384 942 1508 1005 ratione

366 1034 569 1116 faciendum,
603 1034 677 1097 ideo
706 1035 792 1120 quod
825 1058 845 1098 a
871 1036 1049 1101 maioribus
1083 1037 1282 1102 consuetudo
1310 1040 1431 1104 tradita
1459 1055 1508 1105 est

331 1136 561 1223 agladiatoria
587 1157 721 1199 munera
750 1138 784 1200 in
811 1135 880 1201 foro
909 1137 991 1201 dari.
1041 1139 1142 1222 igitur
1176 1141 1296 1202 circum
1323 1139 1508 1227 spectacula

365 1239 560 1324 spatiosiora
580 1236 829 1313 intercolumnia
851 1238 1091 1302 distribuantur
1107 1241 1257 1326 circaque
1279 1244 1314 1305 in
1328 1242 1506 1327 porticibus
1526 1260 1541 1305 5

365 1340 569 1425 argentariae
591 1338 744 1403 tabernae
758 1340 992 1427 maenianaque
1014 1340 1236 1427 superioribus
1259 1344 1507 1408 coaxationibus

366 1440 584 1523 conlocentur,
608 1462 690 1527 quae
714 1450 745 1503 et
768 1440 811 1504 ad
832 1457 925 1505 usum
950 1441 1046 1506 etad
1069 1439 1244 1526 vectigalia
1265 1442 1397 1527 publica
1419 1455 1508 1509 recte

366 1554 462 1607 erunt
483 1542 653 1629 disposita.

449 1643 695 1728 Magnitudines
717 1654 827 1707 autem
854 1644 900 1732 ad·
924 1645 1051 1731 copiam
1073 1644 1240 1708 hominum
1269 1654 1397 1731 oportet
1424 1646 1505 1730 fieri,
1579 1697 1584 1706 .

364 1770 405 1811 ne
428 1768 565 1834 parvum
588 1746 730 1831 spatium
752 1746 795 1809 sit
817 1744 859 1809 ad
880 1769 975 1811 usum
997 1756 1052 1810 aut
1074 1768 1115 1808 no
1137 1755 1270 1832 propter
1284 1748 1429 1833 inopiam
1450 1772 1505 1836 po·
1527 1766 1558 1813 to

364 1848 433 1935 puli
455 1852 586 1911 vastum
607 1846 713 1911 forum
736 1847 896 1911 videatur.
941 1846 1079 1911 latitudo
1106 1858 1215 1912 autem
1237 1849 1286 1911 ita
1307 1847 1438 1913 finiatur
1459 1852 1508 1916 uti

363 1948 534 2035 longitudo
556 1950 592 2012 in
612 1958 678 2012 tres
701 1958 808 2033 partes
832 1971 905 2012 cum
927 1948 1036 2012 divisa
1058 1948 1167 2031 fuerit,
1191 1971 1234 2012 ex
1255 1949 1306 2014 his
1330 1950 1413 2014 duae
1435 1975 1508 2039 par-

364 2062 412 2133 tes
442 2052 472 2113 ei
503 2050 631 2114 dentur.
674 2051 721 2113 ita
749 2051 835 2113 enim
867 2051 929 2114 erit
957 2048 1097 2134 oblonga
1125 2052 1195 2114 eius
1223 2050 1374 2138 formatio
1405 2063 1437 2118 et
1465 2054 1508 2117 ad

330 2178 346 2226 3
365 2149 622 2239 spectaculorum
643 2152 803 2233 rationem
817 2150 907 2215 utilis
924 2151 1105 2237 dispositio.
1142 2151 1310 2216 columnae
1325 2156 1507 2241 superiores

365 2262 482 2339 quarta
508 2262 600 2339 parte
626 2254 769 2317 minores
803 2274 899 2338 quam
933 2252 1104 2316 inferiores
1139 2263 1215 2318 sunt
1249 2255 1505 2338 constituendae,
1527 2274 1558 2321 15

364 2362 537 2440 propterea
559 2354 645 2439 quod
666 2356 757 2419 oneri
778 2353 912 2419 ferendo
928 2375 1011 2439 quae
1026 2363 1101 2417 sunt
1115 2354 1271 2419 inferiora
1285 2353 1429 2420 firmiora
1451 2356 1510 2419 de=

366 2455 443 2519 bent
465 2476 536 2519 esse
558 2477 655 2540 quam
671 2457 848 2542 superiora,
871 2478 936 2519 non
957 2454 1065 2518 minus
1081 2454 1166 2540 quod
1190 2456 1288 2519 etiam
1303 2458 1507 2521 nascentium

365 2565 493 2643 oportet
519 2557 642 2623 imitari
669 2567 833 2638 naturam,
868 2566 905 2620 ut
939 2558 974 2618 in
996 2555 1166 2620 arboribus
1195 2555 1370 2639 teretibus,
1399 2557 1507 2622 abiete

365 2679 519 2745 cupresso
546 2658 635 2743 pinu,
660 2658 816 2744 equibus
840 2656 929 2721 nulla
952 2679 1016 2721 non
1039 2658 1178 2721 crassior
1201 2666 1249 2720 est
1270 2657 1312 2722 ab
1328 2657 1505 2741 radicibus,

365 2758 484 2824 deinde
507 2780 580 2822 cum
603 2759 777 2824 crescendo
805 2758 952 2847 procedit
978 2759 1013 2822 in
1030 2756 1242 2844 'altitudinem
1264 2760 1404 2824 naturali
1432 2782 1505 2825 con·
1524 2782 1557 2830 ao

364 2871 508 2926 tractura
534 2871 750 2948 peraequatur
770 2883 906 2925 nascens
934 2861 977 2925 ad
1005 2882 1169 2924 cacumen.
1222 2883 1299 2946 ergo
1332 2864 1361 2926 si
1392 2872 1508 2926 natura

365 2965 569 3028 nascentium
591 2965 637 3027 ita
659 2961 816 3050 postulat,
845 2972 933 3026 recte
962 2971 1012 3026 est
1034 2964 1244 3051 constitutum
1272 2972 1303 3048 et
1325 2962 1506 3029 altitudini-

365 3066 425 3130 bus
450 3075 482 3130 et
505 3064 775 3129 crassitudinibus
793 3065 959 3151 superiora
974 3063 1166 3127 inferiorum
1187 3062 1259 3126 fieri
1281 3065 1506 3129 contractiora.

331 3193 348 3240 4
450 3164 665 3230 Basilicarum
686 3165 757 3230 loca
778 3165 931 3231 adiuncta
952 3165 1032 3229 foris
1056 3186 1151 3250 quam
1174 3163 1383 3230 calidissimis
1406 3168 1505 3252 parti-

365 3267 426 3333 bus
449 3277 576 3354 oportet
599 3269 762 3350 constitui,
786 3277 822 3331 ut
844 3289 901 3355 per
915 3268 1061 3331 'hiemem
1084 3266 1154 3330 sine
1168 3264 1317 3329 molestia
1332 3276 1505 3354 tempesta·
1525 3289 1556 3335 ao

364 3370 448 3434 tium
470 3391 505 3434 se
528 3369 731 3434 conferrein
754 3390 807 3433 eas
830 3364 1048 3454 negotiatores
1070 3368 1212 3453 possint,
1236 3388 1410 3453 earumque
1432 3367 1505 3432 lati-

366 3468 496 3535 tudines
519 3493 560 3534 ne
582 3473 687 3534 minus
712 3493 808 3556 quam
831 3471 1006 3550 extertia,
1029 3490 1069 3531 ne
1092 3467 1163 3554 plus
1189 3491 1285 3554 quam
1308 3491 1349 3532 ex
1371 3469 1507 3534 dimidia

365 3570 580 3656 longitudinis
610 3574 864 3651 constituantur,
894 3571 960 3634 nisi
987 3571 1015 3633 si
1042 3568 1106 3634 loci
1132 3580 1246 3635 natura
1273 3568 1448 3658 inpedierit
1476 3584 1507 3635 et

365 3671 460 3737 aliter
493 3673 637 3757 coegerit
674 3673 898 3757 symmetriam
935 3673 1137 3736 commutari.
1193 3672 1244 3734 sin
1276 3681 1384 3735 autem
1416 3671 1506 3737 locus

366 3775 428 3837 erit
454 3772 593 3860 amplior
619 3774 654 3836 in
681 3772 900 3858 longitudine,
935 3771 1114 3836 chalcidica
1140 3773 1176 3835 in
1205 3774 1359 3854 extremis
1388 3775 1505 3838 consti·
1525 3797 1558 3842 30

379 3929 391 3938 ⁸
432 3947 450 3994 4
472 3943 640 4010 gladiatoria
663 3945 713 3995 GH
736 3942 784 4010 (L,
813 3946 984 4011 gradiatoria
1006 3943 1049 4007 lc).
1076 3940 1089 4008 ΙΙ
1117 3944 1132 3991 6
1155 3941 1355 4008 menialnaque
1379 3945 1412 4002 G,
1435 3960 1507 3995 moe-

363 4027 542 4094 niauaq31H
565 4027 685 4091 (moenia
708 4044 826 4093 namque
850 4030 899 4088 Μ,
922 4027 1032 4078 moenia
1053 4040 1144 4090 naque
1168 4030 1188 4083 l,
1218 4028 1328 4077 moenia
1355 4031 1443 4092 neque
1468 4031 1505 4087 ot,

363 4113 796 4202 miniatutquwmoeniaque
821 4131 875 4192 Ga),
899 4126 911 4195 ΙΙ
936 4132 967 4180 13
994 4128 1020 4177 ci
1046 4127 1145 4176 dentur
1166 4129 1237 4177 loo:
1264 4127 1394 4177 iubentur
1418 4129 1495 4193 GH.¹

1043 4206 1101 4243 muln

350 4235 604 4330 ‚adpectaculorum
616 4266 666 4314 Hc,
682 4261 693 4330 ss
713 4266 745 4313 14
757 4262 836 4313 utilis
845 4265 874 4312 H
883 4261 967 4325 (Lle):
982 4267 1009 4312 ot
1023 4264 1051 4322 G,
1065 4247 1102 4312 ‚et
1116 4262 1169 4325 Ge).
1181 4257 1193 4326 ll
1206 4263 1236 4310 19
1250 4275 1380 4325 cupresso
1394 4259 1504 4324 G(Llc):

365 4362 517 4412 cupraessu
535 4348 571 4396 H.
588 4344 601 4413 ΙΙ
617 4349 696 4413 pinu:
714 4349 752 4396 sic
764 4347 822 4397 GH.
847 4343 907 4411 1120
924 4346 1024 4395 deinde
1035 4361 1096 4395 cum
1109 4345 1144 4408 (o)
1158 4344 1306 4394 crescendo
1325 4359 1385 4406 epo:
1405 4342 1505 4393 deinde

364 4431 445 4493 (-de
461 4429 466 4498 Ι
483 4431 515 4494 G)
523 4432 671 4482 crescendo
679 4432 737 4484 GH.
751 4428 763 4497 ΙΙ
775 4430 896 4496 procedit
905 4445 966 4491 epo:
975 4430 1133 4493 proceditur
1144 4428 1236 4491 H(Llc
1244 4424 1321 4492 [os]),
1332 4427 1506 4492 progreditur

366 4515 388 4564 G
401 4512 461 4576 (t2).
472 4511 484 4576 ΙΙ
497 4518 529 4564 21
539 4519 722 4580 peraequatur
730 4531 789 4579 epo:
803 4519 868 4563 -ta
882 4513 939 4563 GH.
952 4509 965 4578 Η
976 4513 1009 4561 25
1018 4513 1225 4576 tempestatium
1234 4513 1263 4561 H
1269 4510 1341 4574 (Lc):
1353 4513 1506 4561 -tatan

364 4598 412 4663 (t).
431 4594 493 4665 [127
513 4614 566 4663 qua
586 4614 619 4647 ex
638 4607 696 4649 ante
708 4614 777 4650 corr.
792 4600 821 4649 G.
838 4594 850 4664 ΙΙ
865 4597 927 4662 plus
940 4612 974 4646 ex
987 4595 1099 4645 dimidia
1113 4596 1163 4646 GH
1176 4594 1267 4659 (quam
1279 4597 1339 4645 edd.
1351 4594 1431 4658 loo).
1445 4591 1458 4660 ll
1473 4595 1507 4644 28

363 4715 420 4766 nas
439 4716 464 4765 si
482 4714 538 4765 1001
556 4716 683 4779 moon,
701 4717 756 4768 nur
767 4717 823 4769 1001
839 4716 893 4779 aa:
913 4715 968 4766 nisi
979 4715 1173 4768 erraneam
1188 4713 1217 4764 e.
1240 4711 1252 4780 ιι
1275 4716 1308 4765 ao
1319 4675 1445 4764 ababa
1457 4714 1506 4762 nc.
